10606 13690
4951 846 227 128 201

1224 1682 1224 255 VEŠKERY
2608 1720 1016 217 TISKEM
3751 1682 1016 246 VYDANÉ

2381 2055 1247 203 SKLADBY

1219 2443 945 595 +Dra
2244 2443 1261 609 ABtonína
3600 2443 1186 595 Dvořáka

1342 3198 265 137 jsou
1682 3236 76 71 u
1838 3236 265 76 mne
2183 3236 66 71 v
2324 3198 694 142 nejhojnější
3099 3194 420 113 zásobě
3600 3194 283 109 stále
3969 3227 137 71 na
4191 3194 425 109 skladě.

1205 3529 874 128 SEZNAMY
2197 3491 1257 165 bV2Ř£K2VfQH
3576 3487 335 165 bĚL
4002 3524 756 128 IhŘRťIŘ

2471 3751 109 123 ň
2707 3742 789 132 FR/3NKO.

1488 4016 430 113 Během
1998 4020 350 137 týdne
2428 4020 411 142 vydám

3520 4176 1247 321 POPRSÍ

1205 4720 260 425 i
1663 4606 3085 572 DVOŘÁKA

1191 5310 520 113 velikosti
1824 5315 142 104 40
2013 5315 302 123 X6O
2362 5343 151 71 cm
2627 5310 146 113 od
2858 5310 317 109 akad.
3298 5315 482 109 sochaře
3902 5310 397 113 Jindř.
4422 5320 326 128 Říhy,

1191 5485 515 109 kterému
1786 5485 326 109 mistr
2187 5485 463 113 Dvořák
2702 5485 293 137 ještě
3047 5485 283 137 před
3383 5490 321 109 smrtí
3761 5490 317 109 seděl
4139 5494 614 109 modelem.

2457 5735 231 94 BW
2773 5735 397 132 Poprsí

1191 5910 307 104 bude
1578 5910 543 104 ozdobou
2197 5910 520 109 každého
2797 5910 411 109 salonu
3269 5915 24 99 i
3354 5915 699 137 spolkových
4143 5920 609 104 místností.

1620 6255 888 142 Poslední
2655 6298 491 132 opus
3274 6269 109 156 -J-
3487 6260 704 142 mistra
4257 6312 43 85 :

1205 6496 1616 246 SLAVNOSTNÍ
2976 6506 638 246 ZPĚV
3732 6553 392 198 OP.
4294 6576 454 175 113.

1616 6855 222 99 Pro
1956 6850 317 109 smíš.
2391 6860 269 99 sbor
2778 6888 47 71 s
2943 6850 638 137 průvodem
3699 6860 619 104 orchestru.

1616 6992 293 104 Part.
2022 7020 123 76 se
2244 6992 66 104 4
2391 6987 302 109 ručn.
2802 6987 633 137 průvodem
3539 6992 430 109 klavíru
4044 6997 66 104 3
4191 6997 128 109 K.

1611 7129 364 142 Hlasy
2088 7129 458 109 vokální
2655 7162 151 109 po
2924 7134 132 109 40
3170 7129 222 113 hal.
3539 7134 780 113 Orchestrální

2088 7276 506 109 materiál
2702 7271 496 142 půjčkou
3312 7309 71 76 v
3487 7280 359 137 opise.

1257 7625 1535 335 P2SLEĎNÍ
2991 7696 1706 274 P2D2BIZN/1

2169 8088 213 312 i
2471 8102 1290 274 niSTR/3

1540 8504 534 109 skvostně
2192 8513 666 128 provedená
2957 8546 151 76 na
3203 8513 591 109 křídovém
3874 8518 515 104 kartonu.

1181 8754 515 109 Velikost
1772 8759 487 128 24X30
2315 8787 151 71 cm
4323 8764 99 113 K
4507 8764 43 104 1

1450 8972 43 52 »
1795 8934 128 104 17
1970 8943 118 118 X
2135 8934 137 104 24
2315 8962 151 76 cm
4332 8981 43 43 »
4431 8939 312 109 —*6o

2135 9142 439 109 Poštou
2660 9175 71 71 o
2806 9146 142 99 20
3019 9142 402 109 haléřů
3496 9142 288 109 více.

1186 9454 987 142 Nejpodrobnější
2277 9458 600 132 životopis,
2976 9458 487 137 rozbory
3567 9458 217 132 děl,
3888 9458 392 137 články
4389 9491 128 71 ze
4592 9458 146 104 ži-

1951 9638 265 104 vota
2296 9633 387 109 mistra
2764 9633 534 109 Dvořáka
3369 9633 458 137 najdete
3902 9676 66 66 v

1729 9888 1535 255 PAMĚTNÍM
3406 9888 813 260 LISTĚ

1176 10266 572 142 vydaném
1866 10266 66 104 k
2046 10266 647 113 óOtiletému
2806 10266 435 132 jubileu
3345 10266 321 137 Jeho.
3784 10323 43 19 -
3940 10266 128 104 15
4181 10257 402 113 článků
4696 10318 43 19 -

1186 10446 132 104 18
1394 10441 723 137 vyobrazení.
3978 10436 373 118 Cena
4436 10446 66 99 2
4587 10427 142 137 K.

1465 10791 458 104 Dostati
2003 10786 170 109 lze
2254 10824 66 71 v
2400 10786 472 113 každém
2948 10786 836 137 knihkupectví,
3888 10786 425 109 zvláště
4394 10814 66 76 u
4540 10814 198 71 na-

1176 10965 567 109 kladatele
1824 10961 345 113 všech
2244 10961 387 113 těchto
2712 10965 184 109 děl

1403 11258 940 269 Mojmíra
2509 11254 935 213 Urbánka
3591 11324 123 132 v
3865 11254 647 236 Praze,

1172 11594 1020 146 Jungmannova
2272 11594 345 113 třída
2702 11598 236 113 čís.
3024 11608 156 99 14.—
3609 11584 614 151 Jilávkův
4299 11584 430 142 palác.

5523 1739 921 331 Sklad
6619 1739 383 321 N.
7162 1739 1691 378 Simrocka,

6548 2192 317 156 spol.
6964 2225 57 85 s
7120 2192 340 118 obm.
7559 2197 250 113 ruč.

6241 2485 227 104 T7-
6652 2428 1460 161 Berlíně.

5518 3043 1479 529 AWTOWIW
7115 3043 1394 529 DVOŘÁK
8580 3123 170 435 1

5504 3865 85 99 1.
5674 3850 600 146 Skladby
6335 3879 246 113 pro
6647 3850 680 118 orchestr:
7394 3860 222 132 Op.
7672 3865 170 99 37.
7904 3860 435 109 ouvert.
8409 3831 444 137 »Šelma

5778 3997 529 132 sedlák«;
6392 4030 184 104 op.
6661 4002 170 104 44.
6917 3997 581 113 Serenáda
7578 4035 208 99 pro
7871 3997 326 109 dech.
8272 3997 572 142 nástroje;

5778 4172 184 104 op.
6071 4143 175 109 45.
6359 4139 61 104 3
6520 4139 288 109 slov.
6883 4139 694 137 rhapsodie;
7696 4172 189 104 op.
7975 4139 170 109 60.
8263 4139 586 137 Symfonie

5778 4280 444 128 D-dur;
6307 4309 184 104 op.
6548 4280 170 109 62.
6808 4280 548 132 »Kajetán
7431 4276 317 142 Tyl«,
7828 4280 501 128 ouvert.;
8414 4313 189 104 op.
8679 4285 170 104 67.

5783 4417 723 128 »Husitská«,
6591 4427 496 123 ouvert.;
7172 4450 194 104 op.
7441 4422 165 104 70.
7687 4422 595 132 Symfonie
8343 4422 506 128 D-moll;

5773 4592 184 104 op.
6014 4564 170 99 76.
6269 4559 591 132 Symfonie
6921 4559 406 128 F-dur;
7417 4592 184 99 op.
7663 4564 170 99 78.
7913 4559 340 137 Symf.
8339 4564 506 123 variace;

5773 4734 184 99 op.
6038 4701 170 109 91.
6307 4701 161 104 »V
6543 4696 567 137 přírodě«,
7191 4701 501 128 ouvert.;
7772 4729 189 104 op.
8017 4706 175 104 92.
8249 4701 595 128 Karneval,

5769 4843 501 128 ouvert.;
6392 4871 184 104 op.
6657 4843 170 104 93.
6950 4838 557 137 »Otello«,
7616 4843 676 128 ouvertura;
8414 4871 184 104 op.
8674 4843 170 109 95.

5773 4980 591 137 Symfonie
6439 4980 420 109 E-moll
6950 4980 208 137 (»Z
7214 4980 463 109 nového
7734 4980 510 132 světa*);
8367 5013 189 104 op.
8613 4984 241 104 107.

5778 5121 624 132 »Vodník«,
6506 5126 331 132 symf.
6917 5121 425 128 báseň;
7465 5154 189 99 op.
7739 5121 231 104 108.
8060 5117 789 137 »Polednice«,

5773 5263 326 137 symf.
6175 5263 430 128 báseň;
6728 5291 184 104 op.
6997 5268 246 104 109.
7346 5263 392 132 »Zlatý
7814 5263 624 128 kolovrat*,
8518 5263 331 137 symf.

5773 5405 420 128 báseň;
6340 5433 189 104 op.
6652 5405 236 104 110.
7025 5400 798 132 »Holoubek«,
7965 5405 326 132 symf.
8409 5400 430 132 báseň;

5773 5575 184 104 op:
6043 5546 231 104 111.
6359 5542 411 109 »Píseň
6846 5542 803 137 bohatýrská*,
7734 5542 321 137 symf.
8135 5542 397 109 báseň.

5490 5764 94 104 2.
5669 5750 605 142 Skladby
6354 5778 250 109 pro
6690 5754 496 137 smyčc.
7276 5754 591 132 nástroje
7951 5783 71 76 s
8107 5745 732 118 orchestr.:

5773 5901 109 132 a)
5972 5891 628 113 Housle:
6728 5929 184 99 op.
7025 5901 156 99 11.
7299 5896 647 123 Romance;
8069 5924 189 104 op.
8334 5896 170 109 49.
8603 5896 246 104 Ma-

5769 6043 402 123 zurka;
6288 6071 189 104 op.
6557 6038 165 109 53.
6846 6033 557 132 Koncert;
7554 6033 123 137 b)
7800 6033 496 109 Cello:
8414 6066 184 104 op.
8674 6038 170 104 94.

5769 6180 482 123 Rondo;
6350 6213 184 99 op.
6624 6180 231 104 104.
6940 6175 562 128 Koncert;
7597 6175 425 128 »Klid«,
8107 6175 463 142 adagio.

5490 6402 90 99 3.
5665 6383 605 137 Skladby
6354 6383 676 109 komorní:
7134 6387 118 128 a)
7361 6420 47 66 s
7517 6383 761 109 klavírem:
8405 6416 184 104 op.
8669 6392 175 99 47.

5764 6524 713 123 Maličkosti;
6562 6557 189 99 op.
6831 6529 165 99 65.
7077 6524 265 104 Trio
7427 6524 477 123 F-moll;
7998 6557 189 99 op.
8244 6529 170 99 81.
8504 6524 340 109 Kvin-

5764 6671 156 99 tet
5972 6671 85 104 A
6104 6694 24 94 ;
6217 6694 184 99 op.
6444 6666 170 99 87.
6699 6661 454 109 Kvartet
7233 6666 151 99 Es
7431 6694 24 94 ;
7540 6694 184 99 op.
7772 6666 170 104 90.
7989 6661 487 137 Dumky,
8561 6666 213 104 trio
8816 6694 24 94 ;

5764 6798 123 132 b)
5991 6803 265 99 bez
6359 6794 633 109 klavíru:
7115 6831 189 99 op.
7380 6803 165 99 48.
7654 6798 392 104 Sextet
8121 6798 165 128 A;
8405 6831 189 104 op.
8669 6803 175 104 51.

5764 6940 463 109 Kvartet
6331 6935 213 128 Es;
6676 6964 184 99 op.
6964 6935 170 104 61.
7243 6935 463 109 Kvartet
7781 6935 161 123 C;
8060 6969 189 99 op.
8334 6945 161 99 74.
8603 6959 236 85 ter-

5764 7077 246 109 četo
6052 7110 24 94 ;
6198 7106 189 104 op.
6491 7077 170 104 77.
6770 7072 454 113 Kvintet
7304 7072 170 132 Q;
7597 7106 184 104 op.
7866 7072 165 109 80.
8135 7072 468 113 Kvartet
8683 7077 151 128 E;

5764 7252 189 104 op.
6028 7219 165 113 96.
6279 7214 463 113 Kvartet
6808 7214 146 132 F;
7039 7247 184 104 op.
7285 7219 165 109 97.
7531 7219 463 113 Kvintet
8050 7219 213 128 Es;
8353 7247 189 109 op.
8603 7224 236 104 105.

5764 7361 468 118 Kvartet
6307 7361 227 128 As;
6624 7389 189 104 op.
6898 7361 231 104 106.
7214 7361 463 113 Kvartet
7757 7361 142 109 G.

6420 7531 231 113 Vše
6737 7531 175 109 též
6992 7535 66 99 4
7087 7531 345 109 ručně
7512 7531 491 142 vydáno.

5480 7753 99 104 4.
5655 7743 515 151 Jíousle
6255 7776 71 80 a
6411 7748 468 137 piano:
6969 7776 189 109 op.
7214 7753 161 104 57.
7436 7743 430 113 Sonata
7932 7748 416 132 F-dur;
8428 7781 189 104 op.
8669 7748 170 109 75.

5769 7885 742 118 Romantické
6591 7890 449 123 studie;
7124 7918 189 104 op.
7403 7890 227 104 100.
7715 7890 581 109 Sonatina.

5480 8107 94 104 5.
6180 8126 165 76 na
6420 8102 76 99 4
6576 8126 387 80 ruce:
7091 8093 628 109 Slovanské
7800 8102 326 104 tance
8216 8098 231 137 (op.
8518 8102 170 104 46.
8773 8131 61 76 a

5759 8235 255 132 72.),
6071 8239 66 99 4
6194 8235 420 137 sešity;
6694 8268 184 99 op.
6926 8239 170 104 59.
7172 8235 572 137 Legendy,
7824 8239 66 99 2
7942 8235 416 137 sešity;
8438 8268 184 104 op.
8669 8239 165 104 68.

5769 8376 222 109 »Ze
6076 8353 600 156 Šumavy*,
6756 8381 66 99 2
6902 8376 387 137 sešity.

5476 8598 104 99 6.
6222 8613 156 76 na
6463 8589 71 99 2
6619 8613 378 80 ruce:
7120 8613 189 109 op.
7384 8589 165 99 54.
7668 8580 496 142 Valčíky,
8282 8589 66 104 2
8424 8589 411 137 sešity;

5759 8759 189 99 op.
6000 8726 165 99 85.
6255 8717 529 109 Poetické
6846 8726 444 132 nálady,
7365 8726 66 104 3
7483 8721 350 137 sešity
7876 8754 24 94 ;
7980 8754 189 104 op.
8225 8731 175 104 98.
8452 8731 378 128 Suita;

5754 8896 184 104 op.
6028 8863 231 104 101.
6345 8863 765 132 Humoresky,
7191 8868 66 99 2
7332 8863 383 137 sešity.

5476 9085 94 104 7.
5660 9071 454 137 Opery
6203 9099 71 76 a
6359 9061 265 113 díla
6709 9066 657 113 sborová:
7460 9047 449 137 »Šelma
7965 9076 496 137 sedlák«,
8528 9080 302 109 kom.

5759 9241 411 104 opera;
6335 9208 439 109 »Tvrdé
6850 9213 468 132 palice*,
7431 9213 307 104 kom.
7819 9246 425 104 opera;
8400 9250 184 104 op.
8665 9222 170 104 58.

5764 9350 458 109 »Stabat
6335 9354 420 99 mater«
6888 9350 298 137 (soli,
7304 9350 274 109 sbor
7668 9383 66 76 a
7843 9354 439 137 orch.);
8400 9392 189 104 op.
8660 9359 180 109 79.

5759 9463 321 132 Žalm
6165 9491 236 104 149.
6520 9487 302 132 (soli,
6940 9491 274 99 sbor
7313 9524 61 66 a
7483 9463 420 165 orch.);
8027 9529 189 99 op.
8324 9501 231 104 103.
8669 9496 165 109 Te

5759 9633 383 104 Deum
6231 9624 293 137 (soli,
6609 9624 274 109 sbor
6959 9657 61 76 a
7106 9628 397 137 orch.).

5476 9850 99 99 8.
6161 9869 76 76 a
6321 9831 458 113 dueta:
6869 9869 184 104 op.
7106 9841 99 104 6.
7280 9846 66 99 4
7398 9846 397 132 písně;
7880 9874 194 109 op.
8126 9850 241 99 7.4
8433 9846 392 137 písně;

5759 10016 184 99 op.
6019 9983 170 99 20.
6265 9978 71 99 4
6416 9978 406 123 dueta;
6959 10011 189 99 op.
7224 9987 165 104 32.
7502 9983 619 109 Moravské
8202 9950 628 165 dvojzpěvy

5769 10120 180 137 (13
6024 10115 392 142 duet);
6539 10143 189 104 op.
6808 10120 165 99 38.
7054 10124 66 99 4
7200 10120 406 132 dueta;
7743 10157 184 99 op.
7998 10124 175 104 55.
8254 10120 572 109 Cikánské

5759 10257 501 109 melodie
6321 10252 109 132 (7
6482 10252 425 137 písní);
6969 10285 184 109 op.
7214 10266 165 104 73.
7441 10266 99 104 V
7592 10257 227 113 nár.
7876 10257 283 109 tónu
8220 10257 113 132 (4
8372 10257 454 137 písně);

5764 10436 184 104 op.
6000 10398 175 104 82.
6246 10398 71 104 4
6369 10394 392 146 písně;
6850 10427 184 104 op.
7091 10403 165 109 83.
7342 10398 350 113 Písně
7743 10398 529 109 milostné
8320 10431 24 94 ;
8428 10431 189 99 op.
8660 10398 170 104 99.

5759 10535 501 113 Biblické
6345 10531 364 142 písně,
6789 10540 66 99 2
6931 10540 378 137 sešity.

6019 10710 539 137 (Vydáno
6638 10706 534 113 většinou
7252 10743 137 76 ve
7465 10715 71 104 2
7611 10710 671 137 polohách.)

5490 11069 302 156 !í!
5929 11060 1271 198 Připravuje
7313 11107 373 113 se:

6109 11367 883 146 Themafický
7106 11400 543 85 seznam
7776 11367 425 118 všech
8334 11367 482 118 tiskem

6104 11546 704 146 vydaných
6926 11542 208 118 děl
7252 11537 298 123 Ant.
8428 11546 387 118 vedle

6109 11721 557 137 systém,
6756 11717 647 142 přehledu
7483 11717 265 118 aíd.
