8476 11936
3657 912 1101 113 DALIBOR.

6765 926 298 109 1885.

2532 10479 666 104 Nakladatel
3274 10512 61 71 a
3416 10483 595 132 majetník:
4087 10488 321 132 Aug.
4493 10483 534 113 Velebín
5107 10488 633 109 Urbánek.

3123 10668 194 61 Alois
3350 10672 80 57 R.
3472 10677 416 57 JLauermann
3935 10672 194 61 dřiye
4176 10677 274 71 Militký
4498 10701 38 38 a
4573 10682 236 57 Novák
4847 10701 38 38 v
4932 10687 231 61 Praze.

1243 902 213 104 410

1035 1323 595 109 methoden
1706 1323 194 104 der
1980 1328 373 104 Musik
2447 1365 132 66 an
2660 1328 1488 142 Lehrerbildungsanstalten
4224 1342 222 109 und
4526 1375 132 66 an
4748 1342 836 104 Mittelschulen
5698 1380 213 71 von
5995 1351 94 104 J.
6170 1351 373 99 Malát.
6624 1351 666 104 Ausserdem

1039 1469 265 99 aber
1375 1465 364 104 bilden
1824 1469 208 99 den
2102 1469 373 109 Inhalt
2551 1469 175 104 ein
2802 1474 761 113 Yerzeichniss
3643 1483 279 104 aller
3973 1483 713 104 bohmischen
4767 1483 472 128 Gesang-
5296 1483 222 104 und
5598 1488 869 123 Musikvereine,
6557 1493 236 99 eine
6874 1493 416 99 Musik-

1039 1606 520 132 statistik,
1682 1606 170 104 die
1956 1606 534 109 Statistik
2594 1611 307 104 einer
2976 1644 444 99 grossen
3501 1625 420 99 Anzahl
4006 1663 208 71 von
4290 1616 1266 142 Musiklehrinstituten,
5646 1630 189 104 das
5920 1630 765 104 Yerzeichniss
6765 1630 194 104 der
7035 1630 255 104 Mit-

1030 1743 420 132 glieder
1554 1748 184 104 des
1843 1748 713 113 bohmischen
2665 1753 1016 113 Nationaltheaters
3784 1800 99 66 u.
3969 1800 80 71 s.
4134 1805 118 66 w.
4332 1795 99 71 u.
4512 1791 85 71 s.
4672 1800 118 66 w.
4904 1762 288 104 Wir
5268 1772 562 99 konnen
5972 1772 128 104 di
6142 1800 331 71 esen
6553 1767 444 104 Kalen
7044 1767 250 104 der

1030 1918 600 76 unseren
1710 1890 742 109 Musikern
2523 1899 274 104 und
2877 1899 1200 109 Musikfreunden
4153 1909 591 104 bestens

5220 2050 85 99 č.
5386 2050 236 104 298.
5707 2083 123 71 ze
5929 2050 213 104 dne
6217 2055 161 99 30.
6458 2046 293 137 října
6831 2046 307 104 1885.

3000 2197 76 5 ~
3165 2249 487 128 Mistr
3765 2249 170 132 B.
4068 2244 1096 132 SMETANA:

3638 2518 293 283 W
4115 2518 265 283 £
4564 2513 279 288 A

2277 2995 534 109 Partitura

1025 3132 132 165 Č.
1342 3170 90 128 I.
1540 3170 789 175 Vyšehrad
2428 3184 76 113 5
2608 3175 146 123 zl.
3043 3184 151 118 12
3293 3180 151 128 zl.

1016 3420 156 19 —
1266 3350 161 128 II.
1531 3350 539 132 Vltava
2428 3354 76 128 7
2598 3354 151 128 zl.
3038 3359 151 123 16
3288 3354 151 128 zl.

1143 3529 288 123 -III.
1535 3501 491 161 Šárka
2117 3529 397 161 posud
2608 3534 647 161 nevydány

1143 3704 279 128 -IV.
1521 3704 113 132 Z
1729 3704 661 170 českých
2485 3704 496 132 luhův

1535 3917 80 94 a
1710 3874 487 175 hájův
2443 3883 66 123 7
2613 3879 151 128 zl.
3047 3883 161 123 16
3302 3879 151 128 zl.

1143 4129 24 19 •
1276 4054 137 128 V.
1517 4054 491 132 Tábor
2102 4054 402 165 posud
2594 4054 647 165 nevydány

1219 4233 208 123 VI.
1526 4228 562 137 Blaník
2183 4233 397 161 posud
2674 4233 652 161 nevydány

2976 2863 921 123 Symfonické
3973 2858 501 113 básně.
4597 2844 317 123 Šest
4989 2868 359 104 čísel.

3094 3000 317 132 Hlasy
3709 3005 189 99 Pro
3983 3005 302 132 piano
4365 3000 156 99 4r.
4814 3000 194 109 Pro
5093 3000 298 142 piano
5476 3005 146 104 2r.

3808 3189 76 118 2
3940 3184 142 123 zl.
4143 3184 161 123 50
4375 3175 189 128 kr.
4843 3184 76 118 2
4984 3180 156 132 zl.
5202 3180 165 128 80
5419 3180 175 123 kr.

3803 3364 76 118 3
3973 3463 47 47 „
4134 3430 170 19 —
4413 3449 57 57 „
4843 3359 76 123 3
5008 3454 47 57 „
5169 3364 161 123 50
5476 3454 43 52 „

3822 3534 71 128 2
3983 3633 47 43 ,
4143 3534 161 128 50
4417 3624 57 52 „

3817 3883 76 123 3

3827 4058 71 128 2

3813 4238 76 118 3

4143 4058 161 128 50

4843 3912 661 170 nevydány

6142 3000 496 109 Fantasie
6713 3000 156 109 2r.

6014 3728 142 76 na
6231 3694 435 109 všech
6742 3699 61 104 6
6883 3694 265 109 čísel

6255 3846 43 94 1
6387 3841 128 104 zl.
6591 3841 137 104 80
6803 3836 161 104 kr.

1833 4431 340 113 Všech
2258 4436 61 104 6
2400 4431 265 113 čísel
2745 4469 265 99 pro
3118 4436 477 128 piano
3751 4469 175 66 na
4044 4436 66 99 4
4181 4460 369 76 ruce
4658 4469 128 66 za
4876 4436 123 99 15
5079 4469 57 66 z
5178 4436 104 128 1.,
5367 4436 775 99 skvostně
6265 4436 293 99 váz.
6647 4465 161 71 za
6917 4431 128 104 18
7124 4465 52 66 z
7219 4431 71 99 1.

1431 4578 279 128 „Das
1791 4578 373 104 zweite
2249 4578 477 104 Concert
2802 4573 189 104 des
3071 4573 1011 109 Conservatoriums
4162 4569 265 109 fand
4502 4606 170 71 am
4748 4578 165 99 28.
4989 4578 307 99 Márz
5372 4578 146 94 im
5594 4573 411 128 konigl.
6113 4573 609 104 deutschen
6798 4573 491 104 Landes-

1006 4715 444 99 theater
1526 4720 307 99 statt.
1913 4715 387 104 Dieser
2376 4715 534 109 Umstand
2986 4748 222 71 war
3279 4715 184 99 fúr
3539 4710 175 104 die
3789 4715 680 104 Production
4512 4710 591 137 jedenfalls
5178 4710 255 104 sehr
5509 4710 742 132 vortheilhaft,
6392 4710 283 104 denn
6756 4710 156 104 sie
6992 4710 302 104 hatte

1006 4852 307 104 nicht
1422 4861 326 94 unter
1857 4857 189 99 der
2150 4857 392 99 hóchst
2650 4852 728 128 ungiinstigen
3454 4852 477 104 Akustik
4011 4852 189 109 des
4280 4852 718 104 Musiksaales
5079 4852 142 94 im
5306 4847 888 109 Kůnstlerhause
6317 4880 128 71 zu
6520 4847 397 109 leiden.
7068 4852 222 99 Das

1011 4994 600 104 Orchester
1734 4994 515 99 eróffnete
2372 4989 208 104 den
2655 4994 392 99 Abend
3165 4994 184 99 mit
3430 4989 246 109 dem
3756 4994 524 132 Yortrage
4361 4989 189 104 der
4630 4984 912 142 symphonischen
5622 4989 562 132 Dichtung
7063 4989 227 128 (die

1006 5131 491 132 Moldau)
1602 5164 208 71 von
1923 5131 175 104 Fr.
2206 5131 676 104 Smetana.
3038 5131 482 99 Wiirden
3628 5135 194 104 wir
3921 5164 373 104 sagen,
4398 5131 246 104 dass
4767 5131 397 99 diese
5268 5126 165 104 Co
5476 5154 184 99 mp
5707 5126 345 104 ošiti
6099 5159 161 71 on
6378 5154 128 76 zu
6628 5126 194 104 den
6907 5126 383 109 Besten

1006 5268 737 137 Schopfungen
1852 5268 680 109 bohmischer
2646 5268 926 109 Orchestermusik
3676 5272 425 128 gehore,
4224 5301 118 71 so
4422 5272 359 99 wůrde
4885 5268 468 99 dieser
5452 5268 827 123 Ausspruch
6420 5268 869 99 demWerke

1002 5409 392 109 nicht
1507 5419 236 94 das
1857 5409 387 104 volle
2357 5405 283 104 und
2750 5405 638 132 richtige
3506 5409 458 104 Maass
4082 5409 236 104 des
4422 5409 454 104 Lobes
4989 5400 685 137 spenden;
5750 5400 288 104 denn
6118 5400 165 104 die
6387 5405 633 99 bohmische
7101 5405 189 104 Or-

1011 5551 803 109 chestermusik
1932 5551 430 123 besitzt,
2480 5580 383 76 ausser
2972 5546 203 109 den
3288 5551 917 137 symphonischen
4280 5551 699 128 Dichtungen
6803 5546 222 104 und
7106 5546 194 104 der

1002 5693 954 132 obenerwáhnten,
2074 5693 246 104 kein
2400 5693 468 128 einziges
2948 5693 383 132 Werk,
3444 5693 236 104 dem
3761 5688 170 109 fůr
4030 5693 170 104 die
4318 5693 643 132 allgemeine
5079 5679 657 113 Geschichte
5882 5679 184 109 der
6180 5683 359 104 Musik
6690 5688 600 132 absoluter,

997 5835 643 109 bleibender
1720 5835 387 109 Werth
2192 5835 836 132 zugeschrieben
3109 5835 430 109 werden
3614 5835 439 104 kónnte.
4134 5835 236 109 Wir
4441 5839 444 104 můssen
4956 5825 515 109 vielmehr
5528 5820 274 109 nach
5872 5820 557 109 reiflicher
6520 5830 222 99 und
6803 5839 491 123 strenger

997 5981 496 137 Prúfung
1569 5981 671 132 behaupten,
2320 5981 326 104 dass
2726 5976 208 109 die
3028 5991 803 128 genannten
3950 5976 1176 128 Tondichtungen
5230 6000 123 76 zu
5443 5967 189 109 den
5726 5967 387 109 Besten
6236 5967 676 132 gehóren,
7025 5995 265 76 was

1002 6123 586 137 uberhaupt
1630 6128 170 104 die
1847 6123 912 109 Orchestermusik
2839 6123 189 109 der
3104 6118 850 113 nachbeethoven
3969 6123 24 47 y
4006 6123 331 109 schen
4427 6118 439 113 Periode
4923 6109 619 137 geschaffen
5627 6109 279 104 und
6005 6109 510 104 dessen
6609 6109 189 104 ist
6874 6109 416 104 wahr-

997 6265 293 99 lich
1394 6265 387 99 nicht
1923 6265 477 128 wenig.
2551 6260 430 104 Diese
3123 6260 175 104 Or
3335 6260 1280 118 chesterdichtung
4654 6288 151 66 en
5858 6246 312 99 sind
6283 6246 576 132 wůrdig,
6987 6246 298 104 einen

997 6402 293 104 Platz
1403 6397 335 104 neben
1857 6397 194 104 den
2169 6397 737 132 Schopfungen
3024 6397 543 118 Berlioz’s,
3685 6392 383 109 Liszťs
4191 6397 198 104 und
4512 6392 548 128 Wagner’s
5183 6383 803 109 einzunehmen.
6165 6383 222 99 Sie
6491 6383 454 104 haben
7044 6387 246 104 wie

1002 6539 378 99 diese
1493 6539 411 99 einen
2036 6534 865 104 bleibenden
3005 6534 491 99 Werth
3609 6529 236 104 fůr
3964 6534 841 132 Gegenwart
4951 6520 260 109 und
5362 6520 676 104 Zukunft.
6208 6520 515 104 Smetana
6846 6524 146 104 ist
7115 6520 170 104 ein

997 6676 591 99 Meister
1663 6676 109 94 in
1852 6671 194 99 der
2121 6671 855 123 Beherrschung
3057 6666 189 104 der
3326 6666 628 104 Kunstform
4035 6676 217 94 und
4332 6671 198 99 der
4602 6666 468 104 Formen
5173 6661 855 104 musikalischen
6142 6657 770 132 Ausdruckes;
6997 6661 293 104 seine

1002 6813 406 99 Werke
1483 6808 241 99 sind
1805 6808 345 94 klar
2220 6808 217 99 und
2518 6808 430 128 wahr,
3038 6803 279 104 ohne
3359 6803 317 132 jedeš
3756 6808 331 99 hohle
4148 6813 439 123 Pathos,
4672 6808 151 99 sie
4880 6803 633 132 entquellen
5660 6798 591 104 reicher
6326 6803 964 132 Anschauung

1002 6950 222 99 und
1304 6940 506 104 tiefen
1918 6945 501 123 Ideen,
2537 6945 151 99 sie
2802 6940 246 104 sind
3161 6940 458 123 ideál,
3728 6945 317 99 keine
4106 6950 227 104 blos
4394 6945 671 109 áusserliche
5135 6940 969 137 Musikmacherei,
6184 6945 260 99 kein
6491 6945 798 132 Tongeklingel

1002 7087 288 99 ohne
1328 7082 458 104 inneren
1828 7082 430 137 Werth;
2334 7082 175 104 die
2589 7082 846 104 Gedanken
3520 7082 638 104 erscheinen
4238 7087 194 104 mit
4545 7091 761 118 eiserner,
5400 7082 836 132 logischer
6317 7082 973 132 Consequenz,

1002 7224 269 104 wie
1384 7257 269 66 aus
1772 7224 491 99 einem
2381 7224 501 104 Gusse
3000 7219 784 128 gebildet.

1431 7361 288 128 „Das
1833 7365 317 99 achte
2268 7361 529 104 slavische
2877 7356 468 104 Concert
3420 7361 189 99 bot
3723 7394 198 71 uns
4030 7365 170 99 ein
4313 7365 364 99 sehr
4786 7361 1058 109 werthvolles
5953 7361 487 123 Werk,
6567 7365 392 128 gewiss
7096 7361 189 104 das

1002 7498 751 123 werthvollste,
1847 7531 279 76 was
2202 7502 241 99 die
2528 7493 813 109 slavische
3458 7498 1408 109 Orchestermusik
4937 7498 539 109 bieten
5584 7502 477 99 kann:
6194 7498 180 104 die
6449 7502 836 132 symphonische

997 7635 548 132 Dichtung
2537 7668 203 76 von
2820 7630 416 109 Friedr.
3321 7635 548 104 Smetana.
4020 7639 231 99 Wir
4328 7644 661 132 begrůssten
5069 7644 354 99 dieses
5608 7639 723 104 Meisterwerk
6430 7639 283 104 mit
6831 7639 458 109 reinster

1002 7772 633 109 Freude.
1720 7781 189 104 Ais
1989 7781 373 104 echter
2438 7781 269 104 Poet
2778 7776 194 104 hat
3052 7772 510 104 Smetana
3638 7776 203 99 den
3926 7776 283 99 Stoíf
4252 7843 128 14 —
4436 7786 487 104 Schárka
5008 7781 217 99 und
5906 7781 246 99 eine
6227 7776 482 132 Episode
6784 7809 198 71 aus
7044 7781 241 99 dem

1002 7918 709 104 bóhmischen
1824 7918 912 128 Mádchenkriege
2839 7975 128 14 —
3052 7909 420 128 erfasst,
3591 7913 161 94 ais
3869 7913 543 109 echter
4526 7918 709 104 Musiker
5362 7923 184 94 hat
5627 7946 118 71 er
5830 7913 378 109 diesén
6288 7918 638 128 poetischen
7011 7918 269 104 Vor-

1002 8055 283 94 wurf
1370 8060 567 128 gestaltet;
2055 8088 217 71 was
2348 8055 496 104 Wunder
2920 8055 274 128 also,
3269 8050 255 99 dass
3605 8046 298 104 diese
4696 8060 231 104 eine
5003 8055 728 137 wahrhaftige
5835 8060 562 128 Dichtung
6468 8060 104 99 in
6661 8060 369 99 Tonen
7110 8060 175 104 ist.

1002 8187 515 109 Smetana
1616 8225 217 71 war
1909 8197 109 99 in
2093 8197 411 99 seinem
2580 8197 572 99 innersten
3265 8187 893 104 kůnstlerischen
4257 8197 406 109 Wesen
4739 8202 737 128 Dramatiker,
5594 8197 274 99 auch
5962 8202 293 99 seine
6335 8197 950 104 Orchesterwerke

1002 8334 373 123 tragen
1427 8329 170 104 die
1639 8334 208 99 fest
1899 8343 756 118 ausgeprágte,
2735 8334 378 104 scharf
3180 8329 912 128 charakterisirte,
4176 8339 765 104 entschiedene
5022 8334 846 132 Physiognomie
5972 8334 803 104 dramatischer
6831 8334 458 104 Gebilde

1006 8499 128 66 an
1214 8471 288 128 sich;
1611 8471 113 99 in
2513 8471 770 104 insbesondere
3326 8476 288 118 wogt
3661 8461 822 146 dramatisches,
4573 8471 959 109 leidenschaftlich
5608 8471 548 132 bewegtes
6255 8476 420 104 Leben.
6761 8476 520 123 Schárka,

1011 8603 170 99 die
1261 8608 241 94 dem
1606 8603 364 104 Ctirad
2046 8608 515 99 tódtliche
2646 8613 369 99 Rache
3071 8608 737 132 geschworen,
3883 8608 510 109 schliesst
4469 8617 236 104 sich
4786 8613 241 104 dem
5107 8613 657 128 Kriegszuge
5863 8613 194 104 der
6137 8617 61 99 b
6236 8613 643 104 ohmischen
6964 8617 307 99 Ama>

1006 8773 350 71 zonen
1455 8773 165 71 an.
1739 8740 180 104 Sie
1994 8745 317 99 weiss
2391 8745 373 104 Ctirad
2844 8750 335 99 durch
3255 8745 246 99 List
3576 8740 969 146 herbeizulocken;
4663 8783 113 71 es
4857 8750 406 132 gelingt
5334 8754 222 123 ihr,
5636 8754 189 99 ihn
5915 8787 132 71 zu
6132 8754 576 128 táuschen,
6789 8754 151 99 sie
7020 8754 274 99 heu-

1011 8877 293 104 chelt
1398 8882 340 99 Liebe
1809 8915 142 66 zu
2027 8882 274 128 ihm;
2376 8887 194 99 wir
2646 8887 345 99 hořen
3066 8882 265 104 aber
3406 8910 113 71 so
3600 8882 652 113 seelenvolie
4304 8891 321 132 Tone,
4710 8891 170 99 die
4956 8920 194 71 aus
5230 8891 666 99 tiefstem
5972 8896 614 99 Herzen
6666 8891 628 128 quellen,

1011 9019 1380 123 sehnsuchtsvoll,
2528 9024 718 123 glůhend,
3392 9024 1077 109 schmerzlich
4578 9028 222 99 und
4923 9024 439 104 diese
5476 9028 406 99 Tone
6005 9028 893 104 verrathen
7011 9061 279 76 uns

1016 9151 236 109 die
1380 9156 917 132 gewaltsam
2433 9156 1493 132 zurůckgedammte
4058 9165 1162 109 Leidenschaft
5367 9156 241 104 fůr
5731 9161 293 104 den
6142 9170 335 94 Man
6524 9198 104 94 n,
6784 9170 208 99 den
7129 9175 151 99 sie

1006 9288 288 109 einst
1365 9293 439 137 geliebt,
1923 9293 189 104 der
2183 9326 222 71 nun
2518 9293 246 99 dem
2835 9298 638 104 Verderbeu
3553 9298 491 128 geweiht.
4205 9307 175 99 Sie
4460 9302 359 137 opfert
4932 9298 170 104 die
5187 9298 335 104 Liebe
5603 9298 189 104 der
5872 9298 406 104 Rache.
6454 9302 222 99 Der
6808 9307 222 104 Ruf
7096 9307 189 109 des

1006 9430 354 104 Horns
1479 9449 354 90 ertont
1942 9430 723 128 schauervoll,
2778 9435 189 99 das
3076 9439 146 94 ist
3317 9430 184 104 der
3600 9435 217 104 Ruf
3926 9439 184 104 des
4191 9444 354 109 Todes
4625 9477 137 71 an
4843 9439 402 123 Ctirad,
5372 9439 175 104 die
5622 9439 638 104 Amazonen
6378 9439 288 109 eilen
6775 9482 189 66 aus
7049 9454 236 99 dem

1006 9567 699 109 Hinterhalte
1781 9572 383 104 herbei
2244 9567 217 104 und
2537 9567 378 104 todten
2995 9572 208 104 den
3279 9572 879 137 Ahnungslosen.
4243 9586 274 104 Dies
4616 9581 1294 132 hochpoetische
6723 9586 151 104 ist
6921 9586 113 104 in
7087 9586 194 109 der

1016 9704 737 137 Composition
1861 9713 633 123 Smetana’s,
2580 9709 392 104 seinem
3061 9709 472 137 ideálen,
3605 9718 411 104 seinem
4096 9723 506 104 Gefůhls-
4687 9713 222 109 und
5027 9718 1115 137 StimmungLgehalte
6217 9728 307 118 nach,
6605 9728 680 132 vollstandig

1006 9846 109 99 in
1195 9850 449 104 Tonnen
1720 9850 813 137 aufgegangon;
2641 9879 109 71 es
2830 9850 142 99 ist
3052 9850 170 99 ihr
3288 9850 661 113 immament.
4039 9860 340 104 Jener
4460 9874 406 90 můsste
4951 9888 208 76 von
5258 9860 293 104 allen
5627 9879 331 113 guten
6043 9869 510 104 Geistern
6633 9869 189 104 der
6898 9869 392 109 Poesie

1011 9987 217 94 und
1304 9992 364 99 Musik
1748 9992 491 128 gánzlich
2320 9987 557 104 verlassen
2957 9992 265 113 sein,
3302 9992 208 104 den
3591 10002 241 99 eine
3912 10002 378 104 solche
4365 9997 709 137 Tonsprache
5187 10002 236 99 kalt

1422 10129 345 104 Franz
1890 10129 964 109 Gerstenkorn
2962 10129 113 104 in
3198 10129 359 132 „Neue
3680 10139 633 109 Zeitschrift
4422 10139 175 104 fůr
5306 10134 265 109 Nro.
5655 10148 203 118 41.,
6000 10148 298 104 Seite
6406 10157 279 109 412.,
6798 10148 491 118 Leipzig,

1016 10266 312 113 9./10,
1413 10271 302 104 1885.
