10394 13512
4809 836 250 113 331

950 1280 430 123 Marsop
1469 1276 208 123 Dr,
1847 1271 222 104 Der
2178 1257 1054 132 Einheitsgedanke
3326 1257 113 99 in
3543 1257 198 104 der
3850 1252 609 104 deutschen

1087 1417 402 109 Musik.
1578 1417 279 104 Eine
1918 1398 1276 118 kritiseh-aesthetische
3279 1398 387 104 Studie
3751 1394 383 137 (lMk.)
4238 1483 24 19 .
4323 1403 132 99 zl.
4512 1394 312 109 —‘4o

950 1625 165 71 —,
1167 1554 789 113 Neudeutsche
2008 1545 1328 142 Kapellmeister-Musik.
3383 1545 283 99 Eine
3713 1540 746 132 zeitgemásse

1091 1710 775 123 Betrachtung
1942 1701 180 132 (50
2197 1696 208 132 Pf.)
4328 1691 132 94 zl.
4654 1687 165 99 *2O

950 1852 331 128 Meliš,
1365 1847 591 104 Průvodce
2036 1833 529 132 hudební,
2646 1838 227 99 roč.
2953 1833 137 99 11.
3175 1828 359 142 (1869)
3808 1909 24 19 .
3950 1909 24 24 .
4096 1828 14 151 .
4243 1828 19 151 .
4328 1833 132 99 zl.
4521 1828 302 99 —TO

950 1989 742 128 Moszkowski,
1814 1984 609 109 Poetische
2504 1975 1063 132 Musikgeschichte.
3690 1970 213 104 Ein
3978 1970 416 104 humori-

1087 2135 468 104 stisches
1635 2126 515 113 Gedicht.
2235 2126 132 104 11.
2452 2121 520 128 Auflage.
3052 2117 104 137 (1
3241 2117 265 142 Mk.)
3798 2197 24 19 .
3945 2197 24 19 .
4238 2112 19 146 .
4323 2121 137 99 zl.
4517 2112 307 104 —‘3o

950 2282 439 123 Neitzel,
1469 2277 231 104 Der
1781 2272 425 109 Fiihrer
2282 2263 350 109 durch
2712 2268 184 99 die
2981 2268 293 128 Oper
3350 2263 208 104 des
3638 2258 543 104 Theaters
4266 2263 194 99 der

1091 2424 713 132 Gegenwart,
1843 2419 321 118 Text,
2197 2409 369 109 Musik
2608 2409 227 104 und
2882 2409 354 104 Scene
3283 2400 671 113 erláuternd.
3997 2400 80 104 I.
4115 2405 345 104 Band.

1087 2565 567 109 Deutsche
1739 2561 402 137 Opern.
2249 2556 194 104 111.
2528 2551 699 132 Abtheilung
3307 2546 534 142 (Richard
3931 2546 529 137 Wagner)

1091 2712 109 132 (4
1276 2707 265 137 Mk.)
4332 2698 128 94 zl.
4578 2688 246 104 2-40

950 2854 978 123 Niederheitmann,
2008 2844 586 109 Cremona.
2674 2844 283 99 Eine
3043 2835 902 109 Charakteristik
4006 2835 198 104 der
4257 2835 203 99 ita-

1091 3000 614 104 Jienischen
1753 2991 794 132 Geigenbauer
2589 3019 104 71 u.
2735 2986 302 104 ihrer
3076 2986 751 99 Instrumente
3879 2981 109 128 (2
4016 2976 269 142 Mk.)
4323 2981 132 99 zl.
4583 2976 90 99 1*

950 3142 302 128 Nohl,
1332 3142 468 128 Mosaik,
1885 3137 180 99 fiir
2140 3128 1408 109 Musikalisch-Gebildete.
3638 3118 104 137 (6
3827 3123 269 132 Mk)
4238 3203 24 24 .
4323 3128 99 94 zi
4578 3123 123 99 2‘-
4701 3180 118 9 —

950 3288 591 123 Niírnberg,
1658 3279 789 128 Grundregein
2570 3274 198 104 des
2882 3265 1294 132 Clavier-Fingersatzes
4280 3298 123 71 zu-

1096 3425 969 132 sammengestellt
2140 3454 104 66 u.
2329 3425 165 94 ais
2575 3411 600 109 Leitfaden
3260 3406 71 104 f.
3416 3406 420 104 Lehrer
3912 3406 208 109 wie
4176 3406 283 104 auch

1091 3572 170 104 ais
1342 3562 987 113 Unterrichtsstoff
2395 3562 175 104 fiir
2650 3553 921 113 Selbstlernende
3657 3553 180 128 (60
3917 3548 203 137 Pf.)
4328 3553 132 99 zl.
4654 3548 170 104 ‘2O

950 3713 666 109 Ortlinarium
1724 3713 397 104 Missae
2202 3709 231 104 sivé
2594 3704 576 104 cantiones
3288 3694 411 104 missae
3817 3728 643 71 communes

1096 3893 198 99 pro
1408 3860 666 104 diversitate
2202 3850 543 132 temporis
2863 3855 109 94 et
3085 3836 539 109 festorum
3746 3869 198 99 per
4054 3874 406 71 annum

1096 4006 180 132 (60
1351 3997 213 132 Pf.)
4337 3978 487 104 zl.-‘36

1106 4148 241 99 váz
1469 4143 180 137 (90
1734 4139 194 137 Pf.)
2669 4124 19 156 .
3973 4209 312 24 ...
4346 4129 132 99 zl.
4531 4124 293 104 —‘54

964 4290 638 132 Oesterlein,
1682 4285 496 128 Katalog
2258 4280 312 104 einer
2627 4271 472 109 Richard
3165 4271 529 132 Wagner-
3775 4266 685 109 Bibliothek.

1101 4431 302 104 Nach
1450 4431 222 99 den
1720 4422 808 132 vorliegenden
2598 4417 713 137 Originalien,
3397 4446 137 71 zu
3586 4413 359 104 einem
4002 4413 397 104 authen-

1096 4573 435 104 tischen
1611 4569 1072 128 Nachschlagebuch
2769 4559 345 109 durch
3194 4564 180 99 die
3482 4569 652 123 gesammte,
4247 4559 156 99 ins-

1096 4715 633 109 besondere
1890 4710 534 104 deutsche
2551 4706 1167 132 Wagner-Litteratur
3831 4706 633 104 bearbeitet

1096 4861 222 104 und
1394 4852 846 113 veroffentlicht
2315 4861 175 123 (10
2570 4852 274 137 Mk.)
3094 4932 312 24 ...
3813 4838 19 151 .
3959 4838 19 151 .
4247 4928 24 19 .
4332 4852 132 94 zl.
4583 4838 241 104 2‘40

959 5008 524 128 Ottmann,
1545 5003 198 104 Ole
1805 4998 283 118 Bull,
2150 4998 198 104 der
2405 4998 803 132 Geigerkonig.
3288 4994 213 104 Ein
3557 4994 902 104 Kiinstlerleben.

1101 5154 307 99 Nach
1488 5150 250 104 dem
1847 5145 496 132 Originál
2452 5140 198 109 der
2764 5140 350 104 Sarah
3231 5135 118 109 C.
3468 5140 250 99 Bull
3836 5135 633 104 bearbeitet

1101 5296 104 132 (3
1285 5291 269 137 Mk.)
1639 5372 28 24 .
1786 5272 19 156 .
2220 5372 24 19 .
4328 5282 132 94 zl.
4587 5272 236 99 1*44

964 5438 317 128 Pfeil,
1361 5433 808 109 Tonkiinstler-
2254 5428 874 109 Merkbiichlein.
3246 5424 468 104 Kleiner
3789 5419 510 109 Lexikon
4384 5428 71 90 t.

1096 5584 496 104 Musiker
1668 5613 104 71 u.
1852 5575 883 104 Musikfreunde.
2816 5570 132 104 11.
3014 5575 534 128 ergánzte
3600 5565 203 104 mit
3869 5565 359 104 einem
4285 5565 175 104 bis

1096 5726 326 128 April
1517 5726 265 99 1879
1866 5717 817 132 fortgefiihrten
2773 5717 572 123 Nekrolog
3444 5712 624 104 versehene
4176 5712 213 99 Aus-

1101 5868 279 137 gabe
1469 5863 104 137 (1
1658 5863 227 109 Mk.
1965 5868 142 104 50
2183 5858 180 109 Pf.
2447 5858 354 137 netto)
4332 5854 128 99 zl.
4517 5849 307 104 —‘2o

969 6019 406 118 Preiss,
1469 6009 605 109 Grundriss
2154 6009 203 104 der
2438 6000 666 109 Geschichte
3184 6000 198 104 der
3435 6000 397 104 Musik.
3921 6000 269 104 Zum
4252 5995 142 109 Ge-

1115 6156 411 109 brauch
1602 6156 184 104 bei
1923 6156 798 123 Vorlesungen.
2820 6142 676 132 Eingefiihrt
3572 6175 175 71 am
3831 6142 567 104 Konserva-

1101 6307 397 94 torium
1583 6298 71 104 f.
1739 6298 369 104 Musik
2183 6298 113 99 in
2376 6293 732 128 Konigsberg
3180 6288 71 99 i.
3331 6288 175 99 Pr.
3591 6283 265 137 (Mk.
3940 6283 283 132 2*40)
4337 6288 128 94 zl.
4592 6279 236 104 144

959 6439 666 132 Procházka,
1677 6439 694 132 Arpeggien.
2419 6435 855 104 Musikalisches
3326 6463 203 71 aus
3581 6435 302 99 alten
3940 6463 104 71 u.
4101 6458 364 71 neuen

1106 6591 387 128 Tagen
1573 6586 364 137 (1897)
2022 6591 109 123 (3
2206 6581 269 128 Mk.)
2811 6567 19 156 .
2953 6567 19 156 .
4342 6572 132 99 zl.
4592 6567 231 99 I*Bo

964 6732 477 104 Proksch
1550 6728 335 123 Josef,
1998 6718 950 132 Biographisches
3061 6718 557 99 Denkmal
3732 6746 203 66 aus
4058 6718 411 99 dessen

1110 6869 1091 128 Nachlasspapieren
2287 6860 529 104 errichtet
2896 6888 217 66 von
3194 6855 420 99 Miiller.
3694 6855 203 99 Mit
3978 6855 491 99 Bildniss

1101 7044 104 76 u.
1285 7006 595 109 Facsimile
1965 7006 198 104 des
2244 7002 548 109 Meisters.
2882 7002 104 128 (5
3061 6997 227 104 Mk.
3373 6997 132 104 60
3586 6992 213 132 Pf.)
3954 7077 24 24 .
4243 7077 24 24 .
4328 6997 132 99 zi.
4587 6992 236 109 I*6o

978 7219 161 71 —,
1261 7153 713 137 Allgemeine
2055 7148 671 109 Musiklehre
2844 7148 113 99 in
3038 7143 274 109 zwei
3444 7139 846 132 Abtheilungen
4370 7139 85 104 I.

1106 7304 109 128 (1
1299 7304 132 104 zl.
1512 7304 137 104 80
1724 7299 213 128 kr.)
2220 7380 312 24 ...
4328 7290 137 99 zl.
4658 7285 170 104 *9O

969 7446 657 132 Reissmann,
1706 7441 803 104 Handlexikon
2556 7436 203 104 der
2802 7436 614 104 Tonkunst.
3477 7436 312 132 (Yáz.
3846 7436 128 104 10
4020 7431 260 132 Mk.)
4332 7431 132 104 zl.
4583 7431 94 99 4-

964 7649 170 76 —,
1214 7592 208 104 Die
1507 7587 416 104 sociále
2003 7587 312 128 Lage
2405 7583 194 104 der
2674 7578 496 104 Musiker
3274 7578 109 104 in
3468 7578 198 104 der
3746 7578 713 132 Gegenwart.

1106 7734 85 104 I.
1276 7734 208 104 Die
1564 7729 411 104 Kritik.
2069 7729 406 132 (1884.)
2561 7729 109 128 (1
2754 7720 260 123 Mk.)
4266 7720 19 142 •
4328 7720 132 99 zl.
4517 7720 317 99 —‘3o

973 7880 529 109 Riemann,
1616 7876 406 104 Skizze
2102 7876 312 99 einer
2485 7899 369 71 neuen
2934 7866 520 104 Methode
3539 7866 203 104 der
3822 7866 576 104 Harmonie-

1110 8017 335 109 lehre.
1526 8017 274 132 (Mk.
1885 8022 293 128 2*50)
4337 8008 128 104 zl.
4587 8008 57 94 1

969 8225 165 71 —,
1228 8164 312 137 „Wie
1573 8164 345 104 hořen
1951 8164 198 99 wir
2183 8154 373 109 Musik
2584 8154 113 104 ?“
2759 8154 260 104 Drei
3066 8154 576 128 Yortráge.
3685 8150 255 118 (Mk.
3987 8150 482 128 P50.)z1.
4521 8150 312 99 —*Bo

973 8372 76 14 ~
1106 8395 28 47 ,
1214 8306 978 104 Musik-Lexikon.
2282 8306 364 94 Dritte
2726 8291 600 137 sorgfáltig
3402 8296 609 104 revidierte
4091 8324 99 76 u.
4276 8296 198 99 mit

1106 8452 222 104 den
1408 8461 548 94 neuesten
2031 8443 770 132 Ergebnissen
2882 8443 198 99 der
3156 8438 397 104 musik.
3633 8438 657 132 Forschung
4365 8471 104 71 u.

1115 8589 680 109 Kunstlehre
1899 8589 109 104 in
2088 8584 572 132 Einklang
2764 8584 600 132 gebrachte
3444 8584 510 128 Auflage.
4063 8584 402 132 (1887.)

1115 8740 269 104 Yáz.
1469 8740 161 123 (li
1729 8735 269 128 Mk.)
4342 8726 132 104 zl.
4592 8721 99 104 5-

969 8943 170 71 —,
1224 8872 1082 142 Opern-Handbuch.
2362 8872 780 132 Repertorium
3180 8872 198 104 der
3411 8868 997 104 dramatisch-musi-

1115 9024 576 109 kalischen
1724 9024 643 99 Litteratur.
2405 9014 444 132 (Opern,
2896 9014 638 132 Operetten,
3572 9014 520 118 Ballette,
4148 9014 265 104 Melo-

1115 9170 487 132 dramen,
1696 9161 794 128 Pantomimen,
2580 9161 609 128 Oratorien,
3250 9151 742 109 dramatische
4054 9156 354 104 Kanta-

1110 9326 189 90 ten
1380 9350 104 66 u.
1564 9350 80 66 s.
1734 9312 180 137 w.)
1994 9307 208 104 Ein
2244 9302 789 132 notwendiges
3094 9302 728 132 Supplement
3907 9335 132 66 zu
4096 9302 378 118 jedem

1115 9458 841 104 Musiklexicon.
2055 9454 246 99 Váz.
2386 9449 260 132 (Mk.
2740 9449 350 132 1250)
3227 9435 19 146 .
3666 9524 307 24 ...
4247 9435 19 146 .
4328 9449 142 99 zl.
4602 9444 52 99 7
4696 9435 142 104 50

978 9600 439 109 Richter
1526 9600 99 104 E.
1729 9600 132 132 F.,
1980 9591 591 109 Lehrbuch
2683 9591 203 104 der
2986 9586 633 109 Harmonie.
3742 9586 170 104 20.
3997 9581 477 137 Auflage

1110 9746 104 132 (3
1294 9742 217 104 Mk.
1564 9756 359 113 netto)
3104 9808 1176 28 ........
4342 9732 128 99 zl.
4597 9728 241 99 180

969 9950 175 66 —,
1186 9888 265 128 Alf.,
1512 9879 907 137 Aufgabenbuch
2476 9912 132 71 zu
2660 9879 128 99 E.
2835 9879 123 104 F.
2991 9879 520 104 Richters
3557 9874 917 104 Harmonielehre

1115 10039 104 123 (1
1304 10030 222 104 Mk.
1606 10030 151 137 n.)
4346 10020 128 94 zl.
4526 10016 317 94 —*6o

973 10233 161 61 —,
1224 10172 567 109 Schliissel
1871 10205 132 71 zu
2083 10172 250 104 dem
2414 10162 898 128 Aufgabenbuch
3392 10162 109 132 (3
3581 10162 217 104 Mk.
3883 10176 146 85 n.)
4110 10243 24 24 .
4346 10157 128 99 zl.
4602 10157 241 99 I‘Bo

969 10304 165 132 —,
1214 10318 123 104 E.
1422 10318 118 99 F.
1630 10313 586 109 Lehrbuch
2282 10313 203 104 des
2542 10304 586 109 einfachen
3189 10342 94 66 u.
3335 10304 614 132 doppelten
4016 10304 402 104 Contra-

1110 10460 454 132 punkts.
1649 10460 307 104 VIII.
2036 10455 520 132 Auflage.
2641 10450 265 132 (Mk.
2986 10450 246 104 4*50
3312 10465 156 94 n.)
4346 10446 128 104 zl.
4597 10441 246 104 2‘70

978 10663 156 71 —,
1219 10597 255 123 Alf.,
1597 10602 902 132 Aufgabenbuch
2546 10630 137 71 zu
2735 10592 128 104 E.
2910 10592 369 104 Fried.
3326 10592 520 104 Richters
3888 10587 591 109 Lehrbuch

1110 10743 203 104 des
1394 10739 874 142 Contrapunkts.
2353 10743 137 99 11.
2570 10734 515 128 Auflage.
3170 10734 260 132 (Mk.
3520 10734 241 104 I*so
3841 10734 146 137 n.)
4266 10729 19 151 .
4351 10734 132 104 zl.
4531 10729 312 99 —‘9o

973 10946 161 71 —,
1219 10885 118 104 E.
1422 10880 156 137 F.,
1658 10885 591 109 Lehrbuch
2329 10885 553 128 derFuge
2995 10876 189 109 IY.
3269 10876 506 132 Auflage.
3827 10880 109 128 (3
4011 10876 269 132 Mk)
4351 10880 128 99 zl.
4606 10871 236 104 I*Bo

973 11031 369 123 Ritter,
1394 11027 822 132 Repetitorium
2277 11031 198 104 der
2518 11022 1063 132 Musikgeschichte,
3638 11022 283 104 nach
3978 11022 496 132 epochen

1110 11169 803 109 libersichtlich
2027 11178 600 128 dargelegt
2750 11169 331 104 nebst
3161 11164 359 104 einem
3619 11164 855 104 Verzeichnisse

1115 11320 203 99 der
1389 11315 1110 132 hauptsáchlichsten
2617 11301 1153 118 wissenschaftlichen
3850 11310 562 104 Musiklite-

1110 11471 335 94 ratur.
1526 11457 369 137 (1880)
1975 11466 113 123 (4
2164 11461 269 118 Mk.)
2528 11537 307 28 ...
3387 11528 28 28 .
3676 11528 24 24 .
3969 11438 9 156 .
4257 11438 19 156 .
4346 11457 128 94 zl.
4602 11438 236 109 I*2o

973 11608 387 123 Rbsch,
1446 11603 1096 104 Musik-ásthetische
2617 11598 775 132 Streitfragen.
3472 11594 737 109 Streiflichter
4247 11594 227 104 und

1120 11745 935 137 Schlagschatten
2135 11778 137 66 zu
2315 11745 222 104 den
2594 11740 940 142 „Ausgewáhiten
4261 11769 217 76 von

1115 11896 312 104 Hans
1507 11924 217 76 von
1809 11891 425 104 Bůlow\
2320 11887 94 123 (3
2494 11891 269 132 Mk.)
4342 11882 132 104 zl.
4606 11872 236 104 I*Bo

5055 1247 298 128 Roth,
5433 1238 425 109 Fiihrer
5939 1238 345 109 durch
6340 1238 180 104 die
6576 1238 1342 109 Violoncell-Litteratur.
7998 1233 217 104 Zur
8268 1233 217 104 Aus-

5192 1389 288 109 wahl
5561 1384 180 109 ftir
5820 1384 430 132 Scliule,
6340 1384 307 104 Haus
6704 1413 99 71 u.
6869 1380 510 132 Coucert,
7465 1380 1101 128 zusaminengestellt

5192 1535 227 99 und
5447 1531 283 104 nach
5764 1526 1361 132 Schwierigkeitsgraden
7172 1535 586 118 geordnet.
7800 1521 113 137 (1
7956 1521 227 99 Mk.
8225 1526 146 123 n.)
8409 1526 132 99 zl.
8603 1526 312 99 —*6o

5050 1677 331 128 Seitz,
5504 1672 704 128 Yollstándig
6312 1668 728 104 erklárendes
7157 1663 1228 109 Taschemvorterbuch
8490 1663 76 104 f.

5202 1814 1087 132 Pianofortespieler.
6345 1814 260 99 Zum
6657 1809 657 104 Gebrauche
7356 1805 76 109 f.
7479 1809 449 128 Lehrer,
7975 1805 591 109 Lerneude

5192 1994 99 71 u.
5367 1961 515 104 Freunde
5934 1961 203 104 des
6180 1951 850 137 Klavierspiels.
7087 1956 142 104 11.
7285 1956 709 104 verbesserte
8046 1951 515 128 Auílage.

5192 2102 274 109 Váz.
5551 2112 94 99 ,1
5726 2102 269 132 Mk.)
8424 2093 501 109 zl.—-50

5055 2249 543 123 Schliiter,
5717 2244 709 132 Allgemeine
6506 2239 676 109 Geschichte
7294 2244 194 104 der
7569 2239 373 104 Musik
8046 2239 109 99 in
8239 2239 250 104 über-

5192 2386 638 109 sichtiicher
5910 2386 728 132 Darstellung
6728 2386 255 132 (186
7002 2395 94 128 ó)
7191 2386 113 128 (4
7380 2386 269 128 Mk.)
8424 2386 132 99 zl.
8683 2381 246 99 I*2o

5050 2537 595 128 Schroder,
5721 2532 425 104 Fiihrer
6227 2528 345 109 durch
6652 2528 222 109 den
6940 2523 1328 113 violonceil-Unterricht
8353 2523 213 104 Ein

5187 2679 652 132 progressiv
5882 2679 680 128 geordnetes
6619 2674 780 132 Repertorium
7446 2702 222 90 vop
7715 2669 850 128 ausgewáhiten

5187 2825 765 128 instructiven,
6066 2820 335 99 sowie
6510 2816 317 104 Solo-
6940 2854 90 66 u.
7129 2811 1153 109 Ensemble-Werken
8391 2806 180 104 fiir

5202 2967 624 99 Vioionceil
5943 2967 165 99 ais
6231 2962 709 132 Wegweiser
7063 2962 71 99 f.
7266 2957 420 104 Lehrer
7819 2991 99 71 u.
8065 2953 496 128 Schiiler,

5192 3109 539 104 Klinstler
5806 3142 104 71 u.
6000 3109 694 99 Dilettanten
6780 3109 104 118 (1
6964 3104 274 128 Mk.)
7460 3180 879 24 ......
8409 3113 132 85 zl.
8594 3099 326 99 —3O

5192 3250 416 104 Zweite
5688 3250 624 104 vermehrte
6392 3246 501 132 Auflage
6973 3246 104 137 (1
7157 3246 194 104 Mk
7394 3250 38 128 )
7498 3321 1035 28 .....
8608 3241 312 104 —*6o

5046 3397 581 123 Schubert,
5750 3397 241 99 Abc
6094 3397 203 99 der
6378 3392 624 128 Tonkunst,
7120 3392 274 104 oder
7507 3387 203 104 das
7791 3392 704 99 wissenswiir-

5192 3543 369 128 digste
5679 3534 175 109 ftir
5934 3534 501 109 Musiker
6539 3567 104 71 u.
6751 3534 515 104 Freunde
7370 3534 208 104 der
7654 3529 624 104 Tonkunst.
8362 3524 194 104 111.

5192 3680 510 132 Auflage.
5787 3685 260 128 (Mk.
6128 3680 364 132 —‘9o)
8414 3671 137 99 zl.
8608 3671 312 99 —*4o

5050 3888 165 71 —,
5301 3827 798 104 Katechismus
6180 3827 198 99 der
6454 3822 869 104 musikalischen
7408 3813 798 109 Formenlehre
8287 3817 279 94 oder

5197 3973 175 104 die
5452 3969 359 104 Lehre
5896 4002 222 66 von
6198 3969 213 104 den
6496 3964 794 104 Yocalformen
7365 3964 203 104 der
7668 3954 893 132 Kirchenmusik,

5192 4115 822 104 dramatisehen
6090 4110 406 118 Musik,
6581 4110 898 99 Kammermusik
7564 4139 94 71 u.
7748 4106 198 104 des
8060 4096 501 104 Volks-u.

5192 4257 926 128 Naturgesanges
6241 4257 340 99 sowie
6704 4252 180 104 die
6950 4238 1611 118 instruinentalmusikformen

5192 4403 198 104 der
5428 4398 557 132 Concert-,
5995 4389 19 142 (
6028 4394 420 123 Salon-,
6491 4398 350 104 Tanz-
6893 4431 99 71 u.
7054 4389 784 109 Militármusik
7880 4389 198 104 mit
8131 4389 364 128 Bezug-

5192 4545 402 104 nahme
5674 4540 203 104 auf
5934 4545 236 99 ihre
6260 4540 661 104 historische
6997 4540 869 123 Entwickeiung
7913 4531 463 104 ťasslich
8452 4564 104 66 u.

5192 4687 435 109 einfacb
5712 4687 704 128 dargestellt.
6496 4682 142 104 11.
6723 4682 515 132 Auflage.
7313 4682 184 132 (90
7578 4672 208 128 Pť.j
8296 4757 24 19 .
8386 4677 274 99 zl.—
8735 4672 175 104 *4O

5055 4809 161 156 —,
5301 4838 227 99 Der
5608 4828 647 132 praktische
6364 4828 860 104 Musikdirector
7342 4824 274 104 uder
7710 4819 690 132 Wegweiser
8476 4809 76 104 f.

5192 4975 1115 128 Musik-Dirigenten.
6392 4970 241 104 Auf
6694 4970 638 132 Erfahrung
7431 4975 567 123 gestlitzte
8112 4961 373 99 Bemer-

5192 5126 487 123 kungen.
5764 5117 194 99 lil.
6047 5117 624 104 vermehrte
6751 5112 515 132 Auflage.
7346 5117 184 123 (90
7611 5107 213 123 Pf.)
7894 5187 24 24 .
8041 5192 24 19 .
8329 5102 19 146 .
8414 5102 132 99 zl.
8598 5102 317 104 —*4o

5065 5244 156 142 —,
5301 5258 1365 104 Instrumentationslehre
6775 5258 279 99 nach
7167 5258 213 99 den
7460 5249 813 109 Bediirfnissen
8357 5244 203 104 der

5197 5405 709 128 Gegenwart.
5986 5400 189 104 IY.
6260 5400 510 132 Auflage.
6850 5400 189 132 (90
7115 5395 213 137 Pf)
8424 5386 132 104 zl.
8608 5386 317 104 —*4o

5050 5608 165 76 —,
5301 5551 227 104 Das
5608 5542 647 109 Pianoforte
6340 5580 99 66 u.
6520 5546 312 104 seine
6888 5542 775 128 Behandlung.
7743 5537 213 104 Ein
8003 5528 496 109 Taschen-

5192 5693 293 109 buch
5598 5693 71 104 f.
5802 5693 841 104 Klavierlehrer
6756 5721 104 71 u.
6978 5683 921 132 Klavierspieler.
8003 5679 198 104 111.
8315 5707 184 71 ver-

5192 5839 501 104 besserte
5773 5839 227 104 und
6080 5839 109 99 in
6307 5835 198 99 der
6586 5830 614 109 Litteratur
7304 5825 628 109 vermehrte
8041 5816 515 132 Auflage.

5202 5986 180 128 (90
5461 5976 208 137 Pf.)
8424 5962 132 104 zl.
8608 5962 321 104 —*4o

5055 6184 165 76 —,
5296 6128 624 104 Yorschule
6005 6156 241 71 zum
6335 6123 751 132 Componiren
7172 6118 510 128 zugleich
7757 6118 165 99 ais
7980 6109 510 132 Composi-

5192 6269 609 104 tionslehre
5882 6269 66 99 f.
6033 6274 704 94 Dilettanten
6846 6265 458 99 fasslich
7384 6265 562 99 erláutert.
8031 6255 194 99 111.
8282 6246 213 109 Auf-

5192 6420 293 128 lage.
5570 6416 180 128 (90
5830 6411 213 128 Pf.)
7611 6392 14 156 •
7753 6392 19 156 .
8424 6392 132 99 zl.
8613 6392 317 99 —4O

5050 6562 647 113 Schumann,
5778 6548 794 113 Musikalische
6652 6557 350 94 Haus-
7115 6581 104 71 u.
7304 6539 973 128 Lebens-Regeln.
8362 6534 203 104 Mit

5192 6694 1266 142 gegeniiberstehender
6515 6694 534 128 englisch.
7106 6666 813 146 Úbersetzung.
7965 6680 595 132 (50Pf.)zl.

5050 6846 676 128 Skuherský,
5802 6841 213 99 Die
6099 6836 869 104 musikalischen
7049 6836 506 99 Formen.
7838 6827 222 99 Mk.
8145 6831 146 123 n.)
8424 6822 132 99 zl.
8679 6817 250 104 I*2o

5050 6987 472 109 Stecker
5603 6992 137 123 K.,
5863 6978 520 109 Kritické
6458 6973 633 142 příspěvky
7195 6973 80 104 k
7351 6969 591 132 některým
8027 6969 529 128 sporným

5192 7134 520 104 otázkám
5792 7129 312 137 vědy
6180 7120 534 109 hudební.
6761 7115 548 132 (Zvláštní
7389 7115 307 109 otisk
7772 7148 57 66 z
7918 7110 633 137 „Věstníku

5192 7280 609 104 královské
5887 7271 335 113 české
6302 7266 680 142 společnosti
7068 7261 439 132 nauk.)“
7729 7332 454 28 ....
8395 7252 132 99 zi.
8594 7247 317 104 —4O

5060 7483 165 57 —,
5310 7422 567 104 Kritische
5953 7422 529 123 Beitráge
6591 7446 137 71 zu
6808 7413 449 128 einigen
7342 7403 742 123 Streitfragen
8164 7398 109 99 in
8353 7394 203 104 der

5197 7559 1191 113 Musikwissenschaft.
6425 7550 1115 142 (Separat-Abdruck
7573 7578 198 71 aus
7809 7554 194 90 der
8046 7630 38 38 „
8107 7540 416 104 Viertel-

5178 7710 723 137 jahrsschrift
6014 7706 175 104 fiir
6317 7687 1181 137 Musikwdssenschaft,
7649 7691 165 99 VI.
7928 7682 619 132 Jahrgang.

5202 7861 302 99 1890.
5589 7852 269 104 Heft
5934 7852 142 118 3.)
8409 7843 128 80 zi.

5060 7994 510 113 Svoboda
5646 7998 227 123 Ad.,
5953 7989 671 109 Illustrierte
6704 7975 1129 113 Musik-Geschichte.
7894 7970 198 104 Mit
8150 7970 331 104 Abbil-

5202 8145 449 128 dungen
5698 8173 104 71 v.
5849 8131 874 113 MaxFreiherrn
6770 8164 99 66 v.
6921 8131 458 99 Branca.
7427 8126 80 99 I.
7554 8117 350 109 Band.
7956 8112 104 137 (5
8107 8117 269 128 Mk.)
8414 8112 137 104 zl.
8674 8107 61 99 2

5055 8287 501 132 Tappert,
5641 8282 222 104 Fiir
5934 8315 104 71 u.
6118 8277 420 104 Wider.
6619 8272 283 104 Eine
6983 8272 709 99 Blumenlese
7772 8296 198 71 aus
8050 8258 217 104 den
8353 8258 137 99 Be-

5202 8428 425 104 richten
5707 8428 279 99 iiber
6066 8424 180 99 die
6326 8414 869 128 Auffiihrungen
7252 8414 203 104 des
7512 8400 983 109 Biihnenweihfest-

5202 8575 420 137 spieles
5698 8565 506 109 Parsifal.
6283 8565 184 128 (80
6553 8556 198 132 Pf.)
6893 8636 312 24 ...
7469 8631 458 28 ...
8424 8542 132 99 zl.
8783 8537 137 99 36

5060 8778 170 76 —,
5310 8721 208 99 Ein
5598 8702 1101 142 Wagner-Lexikon.
6822 8698 746 109 Worterbuch
7654 8698 198 104 der
7928 8688 591 109 Unhoflich

5202 8863 246 104 keit
5523 8858 657 104 enthaltend
6260 8854 378 132 grobe,
6690 8844 628 137 hohnende,
7380 8844 609 128 gehássige
8046 8839 227 99 und
8320 8863 184 71 ver-

5202 9000 808 109 láumderische
6090 8995 704 128 Ausdriicke,
6879 8991 425 104 welche
7384 9019 378 104 gegen
7843 8986 217 104 den
8112 8981 458 99 Meister

5202 9142 491 109 Richard
5769 9142 529 132 Wagner,
6435 9142 307 104 seine
6827 9132 411 113 Werke
7356 9170 99 71 u.
7569 9132 307 104 seine
7956 9123 614 128 Anhánger

5202 9326 222 71 von
5504 9288 217 104 den
5802 9288 506 104 Feinden
6387 9317 94 71 u.
6543 9283 524 132 Spottern
7124 9274 614 137 gebraucht
7786 9274 458 104 worden
8287 9265 283 104 sind.

5206 9439 213 99 Zur
5518 9430 1252 128 Gemiiths-Ergotzung
6898 9430 113 99 in
7115 9425 567 132 mlissigen
7800 9416 501 104 Stunden
8386 9439 123 99 ge-

5202 9581 543 99 sammelt.
5830 9581 104 113 (1
6014 9572 269 137 Mk.)
6468 9652 458 24 ...
7191 9633 1172 43 .......
8428 9553 137 94 zl.
8759 9543 170 99 ’45

5069 9780 161 76 —,
5310 9718 491 109 Richard
5844 9718 529 128 Wagner,
6435 9718 246 104 sein
6728 9718 383 104 Leben
7172 9746 94 66 u.
7328 9709 307 104 seine
7691 9699 458 113 Werke.
8192 9694 104 128 (2
8343 9690 222 104 Mk.

5206 9874 387 128 netto)
7195 9931 600 28 ....
8438 9836 137 104 zl.
8764 9827 170 104 'BO

5065 10011 487 128 Wagner,
5669 10006 751 104 Gesammelte
6539 9997 557 113 Schriften
7200 10030 99 71 u.
7384 9992 746 123 Dichtungen.
8254 9978 321 104 Band

5206 10157 80 99 L
5320 10153 321 104 —IX.
5726 10148 373 128 (1873)
6184 10148 109 128 (á
6373 10148 189 99 Mk
6676 10148 71 104 4
6789 10143 213 137 80.)
7087 10110 364 165 Úplné
7535 10134 227 104 dílo
7847 10134 231 99 váz.
8343 10110 19 170 .
8428 10124 132 99 zl.
8683 10120 94 99 6‘

5065 10294 595 128 Wallfísch,
5740 10285 1436 137 Theoretisch-praktische
7252 10280 624 128 Anleitung
7937 10266 279 109 nach
8268 10271 241 123 eige-

5206 10474 198 71 ner
5480 10436 529 109 Fantasie
6090 10436 633 128 regelrecht
6831 10465 128 66 zu
7039 10427 591 104 musiciren
7739 10450 99 76 u.
7918 10417 198 99 mit
8197 10417 307 128 gerin-

5206 10616 217 104 gen
5476 10578 964 109 Vorkenntnissen
6506 10578 567 109 bekannte
7157 10569 557 104 Melodien
7762 10554 808 128 selbststándig

5211 10724 935 128 wiederzugeben
6269 10753 94 71 u.
6487 10720 406 132 richtig
7020 10748 128 71 zu
7257 10710 973 128 accompagniren.
8357 10687 213 113 Ein

5206 10866 591 109 Lehrbuch
5906 10899 241 71 zum
6231 10857 1002 113 Selbstunterricht
7332 10852 180 104 ftir
7587 10843 803 113 Fachmusiker
8461 10876 109 66 u.

5206 11017 737 99 Dilettanten.
6024 11013 260 128 (Mk.
6369 11013 61 99 2
6472 11013 222 128 50.)
7049 10975 19 165 •
7337 11079 24 19 •
7483 10975 19 165 •
7772 11074 458 24 ...
8381 10975 14 165 .
8438 10984 128 99 zl.
8759 10975 175 99 ‘9O

5065 11216 165 71 —,
5315 11154 430 104 Fiihrer
5868 11154 293 104 beim
6274 11140 1068 118 Selbst-Unterricht
7446 11140 146 104 im
7715 11126 846 132 Clavier-Spiel.

5211 11301 265 128 (Fiir
5551 11296 822 137 Erwachsene.)
6454 11296 265 132 (Mk.
6808 11291 317 128 1-50.)
8206 11362 24 14 .
8353 11258 19 175 .
8433 11268 132 104 zl.
8764 11258 170 104 ‘4O

5065 11443 425 113 Walter,
5575 11438 227 104 Der
5882 11428 1776 132 Elementar-Gesangunterricht
7757 11428 109 99 in
7951 11414 553 113 concentri-

5211 11584 335 104 schen
5627 11584 515 104 Kreisen.
6222 11580 231 104 Auf
6534 11575 383 109 Grund
6997 11575 198 104 der
7238 11570 638 132 Lehrplane
7928 11561 76 109 f.
8046 11556 463 109 osterrei-

5211 11726 444 113 chische
5740 11726 402 109 Yolks-
6222 11759 99 71 u.
6402 11717 931 137 Biirgerschulen.
7417 11712 85 109 I.
7587 11712 302 104 Heft.
7970 11707 231 104 Das
8277 11702 99 104 2.
8452 11726 118 76 u.

5211 11872 99 104 3.
5395 11872 624 128 čchuljahr.
6189 11953 24 24 .
8438 11844 137 99 zl.
8622 11839 317 99 —TO
