10180 13594
1309 1191 416 118 hudbu
1828 1181 501 161 polskou
2433 1214 61 85 a
2598 1176 213 118 tím
2910 1176 491 156 Poláky,
3510 1176 430 123 Polsko
4049 1181 236 118 atd.
4441 1176 387 146 Byvše
4928 1181 231 156 pak

1309 1370 557 156 takovým
2046 1365 562 118 motivem
2754 1361 510 118 uvedeni
3387 1398 66 80 v
3553 1361 392 146 určitý
4101 1356 373 118 okruh
4639 1365 449 146 myšlen-

1309 1554 345 151 kový,
1762 1545 529 118 stáváme
2391 1578 123 80 se
2613 1540 879 151 vnímavějšími
3591 1578 208 113 pro
3846 1540 302 113 další
4238 1535 454 156 průběh
4767 1550 331 113 sklad-

1309 1739 156 146 by
1507 1739 24 109 i
1611 1762 208 118 pro
1894 1720 241 151 jiné
2239 1720 425 151 útvary
2745 1724 236 146 její,
3123 1715 803 161 překládajíce
4025 1720 737 156 aesthetický
4890 1729 269 118 účin

1304 1913 359 151 jejich
1786 1904 491 118 ochotně
2471 1937 71 80 v
2641 1909 638 146 představy
3411 1937 52 80 s
3595 1899 321 118 oním
4049 1899 468 123 oborem
4649 1909 439 151 myšlen-

1313 2088 430 151 kovým
1899 2083 609 123 souvisící.
2617 2083 321 118 Takž
3024 2083 879 156 poslouchajíce
4016 2083 572 118 některou
4658 2088 515 118 skladbu

1313 2268 661 151 vytvoříme
2036 2268 99 113 si
2202 2306 66 76 v
2324 2263 359 156 mysli
2750 2268 411 113 třebas
3265 2263 331 118 celou
3699 2263 406 142 scénu,
4214 2263 331 123 celou
4644 2268 520 146 historii,

1328 2447 180 118 ale
1639 2452 118 109 ta
1885 2447 274 118 není
2320 2447 567 118 obsahem
3052 2443 109 118 té
3312 2443 449 146 hudby,
3917 2443 369 146 nýbrž
4417 2443 359 123 dílem
4913 2447 255 118 naší

1328 2627 520 118 fantasie
1951 2627 482 118 hudbou
2537 2627 581 118 vzrušené
3194 2660 66 80 a
3335 2622 510 151 určitým
3945 2631 501 113 směrem
4545 2627 619 123 rozčilené.

1323 2806 326 123 Také
1805 2806 317 118 bude
2282 2811 123 109 ta
2565 2806 397 142 scéna,
3099 2806 501 118 historie
3723 2839 71 80 u
3931 2806 406 146 jiného
4465 2811 709 146 posluchače

1323 2986 567 151 vyhlížeti
1989 2986 387 146 jinak,
2490 3024 71 76 u
2655 2986 638 118 některého
3392 2986 38 113 i
3529 2981 378 146 nijak,
4039 2986 302 146 vždy
4450 2986 184 118 dle
4739 2991 373 118 indivi-

1332 3170 501 146 duality,
1975 3165 184 118 dle
2287 3165 591 151 vzdělání,
3043 3165 723 142 zkušenosti,
3931 3161 765 151 vnímavosti,
4772 3170 326 118 okam-

1328 3350 231 118 žité
1706 3350 444 146 nálady
2296 3345 917 151 posluchačovy.
3359 3340 496 118 Požitek
3964 3340 619 151 umělecký
4720 3354 113 142 je
4951 3350 231 151 pak

1332 3529 468 118 vlastně
1876 3524 855 151 dvojnásobný,
2868 3524 279 109 totiž
3317 3520 406 113 rozkoš
3827 3557 52 76 z
3983 3520 369 156 krásy
4493 3529 685 118 hudebních

1328 3713 373 113 forem
1833 3746 71 80 a
2036 3699 416 123 rozkoš
2556 3737 52 80 z
2735 3699 699 151 poetického
3553 3699 553 118 rozčilení
4233 3704 260 113 naší
4625 3709 548 118 fantasie.

1687 3888 553 118 Všechna
2334 3883 213 113 tak
2641 3879 430 118 řečená
3165 3874 713 146 tónomalba,
4011 3879 350 123 má-li
4460 3883 250 156 býti
4814 3926 66 80 a
4975 3883 175 123 zů-

1328 4072 288 113 stati
1720 4068 529 142 hudbou,
2409 4058 581 137 uměním,
3161 4058 383 118 nesmí
3690 4058 283 118 úkol
4106 4054 255 161 svůj
4531 4072 652 146 spatřovati

1328 4290 76 76 v
1502 4243 510 156 pouhém
2107 4243 746 146 napodobení
2953 4228 397 128 zvuků
3420 4280 52 76 z
3543 4243 482 151 přírody
4101 4280 61 80 a
4233 4285 123 80 ze
4460 4247 416 151 života,
4989 4257 132 109 do-

1332 4431 369 113 konce
1805 4460 146 80 ne
2112 4422 231 151 pak
2471 4455 71 80 v
2641 4417 902 156 napodobování
3671 4427 529 146 věrném,
4365 4431 369 146 nýbrž
4871 4431 312 118 musí

1337 4606 534 146 vždycky
1975 4602 449 151 motivy
2494 4606 250 146 tyto
2816 4602 883 156 stylisováním,
3813 4649 57 80 o
3945 4611 331 118 němž
4342 4611 198 151 juž
4611 4611 194 118 řeč
4861 4616 317 146 byla,

1337 4781 789 132 idealisovati,
2235 4781 680 151 povznášeti
3028 4824 66 76 u
3198 4786 265 151 výši
3567 4786 557 151 pouhých
4219 4791 553 156 jakýchsi
4871 4833 236 109 sym-

1332 4951 326 128 bolů.
1762 4965 430 142 Věrné,
2301 4965 680 118 realistické
3080 4965 907 151 napodobování
4077 4975 269 146 bylo
4446 4975 156 146 by
4706 4980 416 109 natura-

1342 5150 501 142 lismem,
1946 5150 260 142 jenž
2310 5187 123 76 se
2537 5187 439 109 povaze
3076 5150 402 109 umění
3591 5150 340 142 příčí.

1691 5329 369 118 Jinak
2159 5324 194 118 zní
2485 5324 402 118 selská
3019 5324 472 113 muzika
3624 5357 57 80 o
3784 5320 652 156 posvícení,
4559 5324 340 151 jinak
4994 5315 198 161 její

1337 5509 609 118 umělecké
2050 5504 746 151 napodobení
2901 5537 151 80 na
3151 5504 170 151 př.
3430 5499 751 123 Smetanovo.
4351 5504 420 156 Kdyby
4876 5509 246 118 skla-

1342 5693 312 118 datel
1757 5721 66 80 v
1961 5683 416 151 nějaké
2480 5683 345 118 scéně
2957 5683 728 151 venkovské,
3822 5688 605 151 idyllické,
4569 5688 624 156 předepsal

1342 5868 652 118 skutečnou
2098 5863 430 118 troubu
2665 5868 713 156 pastýřskou
3515 5872 302 113 nebo
3921 5872 586 151 skutečný
4611 5872 208 113 roh
4923 5910 198 113 pas-

1337 6047 420 156 týřský
1857 6085 66 80 a
2027 6047 198 118 dal
2320 6080 203 85 mu
2627 6047 307 118 hráti
3043 6047 354 151 právě
3496 6047 236 137 tak,
3822 6052 213 146 jak
4134 6052 378 118 hrává
4583 6090 151 80 na
4805 6052 383 151 návsi,

1332 6227 274 151 bylo
1710 6231 151 146 by
1965 6231 109 109 to
2183 6227 387 142 věrné,
2679 6227 184 113 ale
2967 6231 926 118 naturalistické
3992 6269 66 76 a
4153 6236 742 113 svrchovaně
4998 6274 132 80 ne-

1342 6411 501 113 vkusno.
2055 6402 539 118 Kohouta
2726 6411 151 132 by
2981 6406 411 113 dovedl
3529 6406 274 113 hlas
3907 6406 397 146 lidský
4413 6411 420 113 daleko
4937 6411 260 151 lépe

1337 6581 704 146 napodobiti
2145 6576 317 118 nežli
2565 6576 595 146 kterýkoli
3265 6619 52 71 z
3425 6572 619 156 nástrojův
4153 6586 624 113 orchestru
4833 6628 24 94 ;
5022 6591 180 113 ale

1342 6798 123 85 co
1573 6761 501 151 bychom
2206 6751 298 118 řekli
2674 6756 680 142 skladateli,
3501 6761 274 142 jenž
3907 6761 156 146 by
4162 6798 137 80 ve
4403 6761 203 118 své
4710 6761 496 118 skladbě

1346 6935 369 146 žádal,
1800 6940 227 146 aby
2098 6935 373 118 někdo
2551 6931 463 123 hlasem
3085 6935 335 151 svým
3501 6973 123 80 co
3666 6940 643 142 nejvěrněji
4389 6940 808 123 zakokrhal?!

1337 7120 723 123 Podobného
2225 7115 1077 123 naturalistického
3435 7120 846 118 nechutenství
4422 7129 520 146 dopustil
5083 7162 128 80 se

1342 7342 156 80 na
1597 7313 180 142 př.
1847 7299 269 123 také
2192 7299 439 123 Gossec
2707 7294 406 156 (1734
3312 7294 449 156 1829),
3850 7309 265 146 jenž
4224 7342 137 85 ve
4427 7309 331 118 svém
4833 7313 378 113 onoho

1346 7488 288 118 času
1739 7483 685 123 velebeném
2518 7483 576 161 Bequiem
3194 7488 189 151 při
3477 7488 472 123 slovech
4068 7488 619 151 „Quantus
4786 7498 430 118 tremor

1356 7677 175 109 est
1625 7668 553 118 futurus“
2301 7668 397 118 strach
2802 7706 66 80 a
2986 7663 373 128 hrůzu
3463 7668 548 128 naznačil
4106 7677 652 151 třesavými
4866 7677 345 151 hlasy

1356 7852 359 118 sboru
1824 7847 728 156 pěveckého:

1767 11060 326 151 Úkol
2187 11083 482 118 veškeré
2769 11093 685 151 tónomalby
3624 11098 317 151 spíše
4106 11098 321 113 musí
4531 11102 255 151 býti
4880 11102 397 142 jenom

1413 11291 236 132 ten,
1729 11277 227 151 aby
2031 11263 926 161 symbolickými
3057 11277 685 118 narážkami
3827 11320 66 76 v
3964 11277 350 156 mysli
4417 11272 860 156 posluchačově

1413 11457 548 151 vyvolala
2069 11443 539 128 obdobné
2712 11447 680 156 představy,
3529 11461 274 146 city,
3917 11461 477 146 nálady.
4597 11457 444 142 Vizme,
5150 11490 128 80 co

1427 11636 345 146 praví
1871 11674 57 80 o
2031 11636 113 118 té
2277 11631 255 123 věci
2660 11622 643 123 Naumann
3411 11669 132 80 ve
3676 11636 203 123 své
4025 11641 534 137 „Illustr.
4668 11636 534 151 Musikge-

1422 11816 619 118 schichte“
2154 11825 203 113 str.
2471 11802 378 132 704.:
2972 11806 364 142 „Dem
3416 11811 416 123 eehten
3907 11820 728 118 Tondichter
4729 11825 156 113 ist
4984 11820 227 118 Ton-

5391 1186 491 118 malerei
5981 1186 425 113 immer
6506 1176 548 151 zugleich
7139 1181 189 109 ein
7403 1176 387 123 Malen
7871 1176 652 118 seelischer
8594 1176 666 146 Vorgánge.

5395 1365 298 123 Will
5825 1398 118 80 er
6057 1398 231 80 uns
6383 1361 458 142 Bilder,
7030 1356 624 146 Zustánde,
7843 1361 732 151 Ereignisse,
8712 1361 227 113 wie
9043 1356 227 113 wir

5395 1554 170 113 sie
5665 1550 123 109 in
5896 1550 198 109 der
6194 1545 694 118 sichtbaren
6992 1535 317 118 Welt
7408 1540 893 146 wahrnehmen,
8461 1545 274 109 oder
8835 1535 430 151 Laute,

5400 1724 723 142 Geráusche,
6231 1720 496 151 Klánge,
6836 1724 222 113 wie
7162 1720 175 118 sie
7441 1720 180 113 die
7691 1757 231 76 uns
8027 1720 746 151 umgebende
8877 1715 392 118 Nátur

5405 1909 543 146 erfullen,
6085 1909 123 113 in
6335 1909 402 113 Tonen
6888 1899 647 142 schíldern,
7691 1932 128 80 so
7951 1904 307 113 wird
8362 1937 118 80 es
8580 1904 250 113 ihm
8939 1899 331 113 niclit

5400 2083 619 142 einfallen,
6142 2088 269 146 jene
6515 2083 458 146 Bilder,
7124 2079 728 146 Geráusche,
7961 2079 638 151 Vorgánge
8698 2117 113 80 u.
8920 2117 94 76 s.
9118 2117 146 80 w.

5405 2272 373 113 direct
5934 2268 874 151 wiedergeben,
6983 2263 751 118 nachahmen
7890 2263 246 109 und
8306 2258 657 118 darstellen
9132 2296 137 76 zu

5405 2447 425 123 wollen
5986 2438 425 161 (schon
6548 2452 416 113 darům
7110 2443 369 142 nicht,
7620 2438 279 118 weil
8017 2438 250 113 ihm
8400 2438 213 118 das
8717 2438 553 118 Materiál

5405 2631 392 118 seiner
5929 2627 387 118 Kunst
6472 2627 761 151 dergleichen
7380 2622 609 118 entweder
8083 2622 520 142 versagt,
8773 2622 279 113 oder
9151 2655 123 80 er

5414 2806 543 123 dasselbe
6033 2844 137 80 zu
6265 2806 737 151 Spielereien
7087 2802 917 123 missbrauchen
8079 2792 586 156 můsste);
8778 2835 118 80 es
8972 2802 298 113 wird

5405 2991 250 113 ihm
5769 2986 576 113 vielmehr
6477 2986 435 118 darauf
6997 2986 756 142 ankommen,
7904 2981 189 118 die
8225 2976 690 118 Eindrůcke
9019 2981 250 113 und

5414 3170 831 142 Stimmungen
6345 3165 444 118 wieder
6888 3165 647 151 anklingen
7639 3203 142 80 zu
7885 3161 449 146 lassen,
8461 3156 454 118 welehe
9019 3161 194 118 der-

5414 3350 373 151 artige
5858 3345 926 146 Erinnerungen
6893 3383 142 76 an
7143 3350 184 118 die
7398 3345 770 123 Auszenwelt
8235 3340 246 118 und
8556 3335 208 118 das
8825 3335 439 146 Leben,

5409 3524 652 161 gleichviel
6222 3524 142 113 ob
6501 3557 123 80 er
6756 3524 170 113 sie
7054 3529 217 118 mit
7408 3534 260 113 dem
7800 3529 335 146 Auge
8282 3520 279 118 oder
8669 3520 260 113 dem
9033 3520 246 118 Ohr

5419 3709 609 142 aufnahm,
6132 3709 128 113 in
6369 3704 203 113 der
6671 3699 331 118 Seele
7106 3704 935 123 hervorriefen“„
8239 3704 567 118 Podobně
8939 3699 326 113 Phil.

5414 3893 387 151 Spitta
5872 3926 71 80 v
6019 3888 231 118 díle
6364 3883 350 151 „Joh.
6817 3879 638 123 Sebastian
7545 3888 416 118 Bach“
8069 3893 142 118 st.
8315 3874 331 128 488:
8773 3879 506 151 „Streng

5414 4106 704 118 genommen
6250 4072 151 113 ist
6506 4101 118 80 es
6723 4096 572 113 ungenau
7398 4106 227 80 von
7767 4068 699 118 Malerei
8617 4096 132 80 zu
8854 4063 406 137 reden,

5414 4290 350 80 wenn
5868 4252 189 118 die
6180 4252 411 118 Musik
6657 4247 836 146 Bewegungen
7630 4247 208 113 der
7932 4252 694 113 sichtbaren
8731 4238 326 128 Welt
9151 4243 123 113 in

5419 4436 326 118 ihrer
5844 4431 406 118 Weise
6321 4427 690 123 nachahmt.
7087 4422 137 118 In
7271 4422 335 146 jeder
7672 4422 624 146 bewegten
8428 4422 850 146 Erscheinung

5424 4620 198 113 der
5754 4611 765 123 Auszenwelt
6647 4606 496 118 erkennt
7294 4606 198 113 der
7592 4602 496 118 Mensch
8220 4606 189 113 ein
8546 4602 732 151 Spiegelbild

5414 4800 576 146 gewisser
6085 4795 482 146 eigener
6666 4786 1328 151 Gefůhlsstromungen,
8131 4786 250 109 und
8485 4786 208 109 das
8835 4781 444 123 Gefůhl

5419 4980 156 113 ist
5665 5008 236 76 uns
6009 4975 208 109 das
6317 4970 992 118 unmittelbarste
7408 4970 515 151 Zeugnis
8065 4970 208 113 des
8405 4961 515 118 Lebens.
9028 4961 250 113 Das

5419 5154 406 113 Leben
5948 5150 317 132 aber,
6435 5150 402 113 diesen
7002 5150 161 109 im
7323 5150 369 118 tiefen
7871 5150 411 113 Grund
8443 5140 836 118 rauschenden

5419 5329 430 142 Strom,
5981 5324 128 113 in
6246 5324 217 118 den
6600 5324 231 113 alle
6959 5324 123 113 in
7219 5324 184 118 die
7531 5324 1200 151 Erscheinungswelt
8887 5320 331 118 aufra-

5419 5513 458 151 genden
6047 5504 392 151 Dinge
6605 5504 260 118 ihre
7030 5504 562 118 Wurzeln
7791 5509 874 132 hinabsenken,
8863 5504 350 118 kúust-

5419 5688 444 123 lerisch
5967 5679 841 146 darzustellen,
6945 5688 165 113 ist
7252 5683 189 118 die
7540 5688 713 151 eigentliche
8400 5683 548 151 Aufgabe
9080 5683 198 118 der

5419 5872 439 118 Musik.
5972 5868 425 118 Hierin
6496 5868 439 118 beruht
7039 5868 189 118 die
7323 5872 416 113 innere
7843 5868 898 146 Berechtigung
8844 5872 198 109 der
9104 5901 118 76 so-

5419 6057 666 151 genannten
6189 6047 1044 151 Nachahmungen
7337 6085 222 80 von
7663 6052 260 113 dem
7998 6047 477 123 Rieseln
8556 6047 203 118 der
8835 6038 444 151 Quelle,

5428 6241 260 113 dem
5792 6236 458 146 Wogen
6364 6231 203 118 des
6666 6231 496 142 Meeres,
7318 6231 260 118 dem
7677 6231 454 118 Zittern
8235 6231 203 113 der
8537 6227 501 142 Blátter,
9170 6231 123 132 ja

5424 6416 378 118 selbst
5939 6416 260 113 dem
6307 6406 765 118 Schwármen
7209 6406 203 113 der
7512 6406 369 146 Vogel
7984 6411 241 109 und
8324 6406 624 146 Insecten:
9118 6406 175 109 sie

5433 6591 425 113 stellen
5967 6591 213 109 das
6279 6581 671 113 unlosliche
7054 6581 340 109 Band
7493 6581 250 137 her,
7852 6581 515 118 welches
8443 6624 227 76 uns
8750 6586 213 113 mit
9033 6586 260 109 dem

5433 6808 137 76 zu
5669 6765 302 113 Eins
6071 6756 661 142 verbindet,
6836 6789 246 80 was
7181 6794 227 76 uns
7512 6765 1044 142 entgegengesetzt
8655 6761 638 137 erscheint,

5443 6950 184 109 die
5731 6935 444 146 Kráfte,
6312 6935 458 118 welehe
6902 6935 213 113 mit
7219 6935 529 146 gleicher
7847 6940 638 113 Intensitát
8594 6945 180 109 die
8877 6940 420 151 iibrige

5438 7120 321 128 Welt
5863 7124 222 113 wie
6184 7153 369 85 unser
6652 7120 477 146 eigenes
7233 7120 439 118 Wesen
7781 7120 921 123 durchziehen.“

5556 7630 1115 241 NÁHODNÍ
6827 7668 1072 161 DIVADLO
8069 7672 146 156 V
8353 7663 822 156 PRAZE.

6803 7961 1153 123 Tannháuser.

6274 8164 694 104 Romantická
7044 8197 312 104 opera
7431 8202 52 66 o
7559 8164 298 109 třech
7918 8159 591 137 jednánícn

6694 8310 128 104 od
6898 8310 557 104 Richarda
7545 8315 553 132 Wagnera.

6000 8490 345 109 Báseň
6430 8494 128 99 do
6638 8490 411 137 češtiny
7124 8490 439 142 přeložil
7635 8494 128 104 Y.
7847 8490 99 99 J.
8031 8480 751 137 Novotný.

5466 8679 317 109 První
5863 8669 572 146 provedení
6520 8707 109 71 ve
6713 8674 165 109 dv.
6940 8674 425 109 divadle
7450 8665 765 113 drážďanském
8301 8669 208 104 dne
8561 8669 170 104 20.
8787 8669 170 132 říj.
9019 8669 312 109 1845.

5825 8858 534 104 Premiéra
6430 8891 61 71 v
6567 8854 595 109 Národním
7247 8854 420 104 divadle
7748 8849 203 104 dne
8031 8849 165 109 28.
8277 8849 321 109 ledna
8679 8854 317 104 1891.

7035 9028 737 142 (Dokončení.)

5839 9283 458 128 Titulní
6364 9288 369 118 úlohu
6836 9283 420 118 založil
7361 9283 99 113 si
7559 9317 236 113 pan
7899 9279 926 156 Florjanski
8929 9283 406 146 směle,

5485 9468 454 156 pečlivě
6076 9506 66 80 a
6241 9468 529 146 zejména
6912 9496 146 118 po
7195 9463 728 118 dramatické
8055 9468 472 118 stránce
8660 9468 231 113 nad
9024 9463 312 118 míru

5490 9652 468 118 účinně.
6128 9647 496 118 Skorém
6751 9643 312 146 bych
7191 9638 265 118 řekl
7564 9647 704 151 originálně.
8433 9647 907 118 .Romantismus

5494 9831 364 118 starší
5991 9827 562 123 německé
6652 9822 383 146 školy,
7172 9817 572 132 básnické
7843 9836 38 113 i
7984 9827 643 142 umělecké,
8764 9822 373 151 uvykl
9241 9827 104 113 si

5499 10054 151 76 na
5773 10011 298 151 jistý
6184 9997 354 128 fádně
6657 10002 794 151 jednotvárný
7578 10020 354 146 typus
8065 10006 373 151 svých
8575 10002 770 156 mythických

5499 10181 468 161 rytířův
6043 10224 61 80 a
6170 10176 331 151 reků,
6600 10181 265 146 jenž
6931 10181 274 123 také
7261 10191 279 146 jako
7616 10186 661 128 zosobněná
8348 10186 444 113 tradice
8887 10186 458 118 uveden

5504 10370 203 151 byl
5806 10408 151 76 na
6009 10365 430 151 jeviště
6515 10365 643 118 divadelní.
7266 10375 406 161 Světlý
7743 10365 430 151 krátký
8249 10365 624 151 plnovous,
8953 10365 402 123 modré

5509 10550 335 118 velké
5948 10554 255 137 oko,
6335 10545 638 151 splývající
7072 10554 255 118 vlas
7696 10564 113 109 to
7937 10559 265 137 jsou
8306 10550 175 113 asi
8589 10550 416 113 hlavní
9104 10550 227 151 pří-

5509 10729 383 151 znaky
5995 10724 217 123 oné
6335 10724 732 123 fantastické
7195 10739 454 146 loutky,
7776 10724 340 123 která
8235 10729 231 146 pak
8570 10734 189 113 dle
8858 10734 501 151 potřeby

5509 10909 402 118 mohla
6066 10913 893 142 representovat
7106 10918 865 118 Tannháusera
8131 10909 265 146 jako
8542 10913 808 151 Lohengrina,

5509 11088 666 151 Siegfrieda
6265 11083 279 146 jako
6643 11088 652 161 Stolzinga.
7403 11098 151 113 Co
7658 11121 156 85 na
7909 11093 283 137 tom,
8301 11098 123 113 že
8509 11098 345 146 jinak
8953 11088 411 156 myslil

5509 11272 99 113 si
5707 11258 369 123 různé
6175 11268 501 156 postavy
6775 11282 250 146 tyto
7096 11277 246 118 sám
7413 11277 529 142 Wagner
8254 11277 605 118 divadelní
8962 11272 402 118 mánie

5509 11485 66 80 a
5669 11433 496 170 utkvělý
6293 11447 671 151 předsudek
7068 11494 57 80 o
7224 11447 572 128 ideálním
7932 11447 487 151 krásně,
8556 11457 340 118 tímto
9005 11447 283 151 podá-

5513 11631 246 113 ním
5863 11631 775 156 vystiženém,
6789 11631 402 156 přešly
7294 11636 269 151 přes
7706 11631 387 156 každý
8192 11627 595 161 zdravější
8920 11627 444 123 náhled

5509 11811 80 113 k
5665 11806 562 123 dennímu
6331 11816 581 146 pořádku.
7016 11825 99 109 A
7186 11816 439 118 dodnes
7691 11811 302 146 ještě
8093 11820 576 151 paraduje
8773 11820 33 109 i
8910 11849 151 80 na
9128 11816 180 142 nej-

5192 718 161 146 74
