2923 3048
1328 2902 11 26 1

516 1582 88 41 DIE
632 1579 177 42 ERSTE
836 1579 409 42 AUSSTELLUNG

451 1638 110 39 DER
588 1633 380 42 VEREINIGUNG
995 1633 313 42 BILDENDER

519 1682 300 46 KÜNSTLER
848 1677 396 49 ÖSTERREICHS.

523 1802 57 26 Am
595 1801 43 26 25*
652 1799 79 27 März
743 1797 49 27 hat
805 1796 43 27 die
856 1796 190 33 Vereinigung
1063 1796 141 28 bildender
1218 1798 88 28 Künst-

433 1840 38 27 ler
484 1833 170 33 Österreichs
666 1839 38 24 im
718 1833 134 29 Gebäude
865 1833 46 27 der
921 1832 335 35 Gartenbaugesellschaft
1265 1836 57 27 ihre

432 1882 68 22 erste
513 1874 180 33 Ausstellung
705 1872 123 28 eröffnet*
850 1871 58 26 Das
920 1870 130 27 Interesse
1068 1870 45 27 des
1126 1871 180 30 kunstfreund-

431 1914 90 27 lichen
534 1913 159 27 Publicums
706 1909 111 28 wandte
830 1908 57 27 sich
900 1907 42 27 ihr
959 1907 104 27 alsbald
1080 1910 28 24 in
1122 1911 91 25 einem
1227 1910 94 28 Masse

431 1962 44 21 zu,
496 1951 48 27 das
564 1950 42 27 die
626 1950 81 32 lange
723 1946 159 28 verbreitete
899 1945 138 33 Meinung
1053 1945 148 35 widerlegt,
1224 1948 40 26 als
1286 1948 34 27 ob

431 1990 83 27 Wien
521 1988 57 27 sich
584 1987 43 27 für
633 1984 125 30 bildende
764 1984 93 27 Kunst
861 1982 76 27 nicht
943 1982 153 27 sonderlich
1102 1984 176 28 interessiere*
1284 1985 36 27 Es

430 2029 33 24 ist
475 2026 64 27 aber
552 2024 72 28 auch
632 2020 234 31 hervorzuheben,
880 2020 60 27 dass
950 2019 98 34 gerade
1057 2019 43 27 die
1110 2020 209 30 ausdrückliche

429 2063 231 32 Ausschliessung
678 2061 64 26 aller
760 2057 188 34 landläufigen
961 2056 172 28 Marktware
1157 2057 72 28 diese
1245 2059 55 28 Aus-

428 2101 118 33 stellung
557 2103 28 24 in
599 2099 52 27 den
665 2095 194 37 glänzendsten
872 2094 187 27 Kunstmarkt
1074 2095 171 28 verwandelt
1257 2097 58 27 hat*

428 2138 144 32 Jedenfalls
584 2139 68 26 zwei
665 2135 258 33 beherzigenswerte
937 2131 155 27 Momente*

517 2175 52 27 Die
578 2174 177 32 Anordnung
763 2171 47 28 der
818 2169 180 33 Ausstellung
1005 2179 58 17 war
1073 2180 56 16 von
1138 2169 63 28 dem
1211 2170 105 29 Bestre-

427 2213 53 28 ben
490 2213 116 34 geleitet,
615 2211 89 33 jedem
713 2208 104 29 Werke
827 2208 42 27 die
876 2206 201 35 Bedingungen
1085 2206 43 27 für
1137 2209 73 26 seine
1219 2208 97 28 fcünst-

426 2250 113 28 lerische
547 2249 141 33 Wirkung
696 2247 73 27 nach
778 2244 183 35 Möglichkeit
968 2253 35 18 zu
1012 2243 115 27 sichern.
1132 2244 81 33 Jedes
1221 2246 94 27 wurde

426 2291 29 23 in
468 2290 129 31 massiger
609 2285 85 28 Höhe
707 2282 175 36 angebracht,
899 2292 29 16 so
945 2280 62 28 dass
1020 2280 46 27 der
1078 2281 54 27 alte
1146 2281 108 34 Kampf
1265 2294 49 16 um

426 2325 43 26 die
478 2324 161 32 „Cimaise“
646 2321 158 28 vermieden
817 2323 41 23 ist.
872 2319 52 27 Die
933 2318 212 27 verschiedenen
1154 2318 104 28 Werke
1268 2320 46 27 des

425 2361 159 28 nämlichen
596 2359 146 28 Künstlers
758 2357 60 28 sind
834 2360 29 24 in
879 2358 61 26 eine
953 2355 113 34 Gruppe
1083 2355 109 35 gefasst,
1209 2367 29 17 so
1253 2357 61 28 dass

425 2401 73 25 seine
511 2398 94 27 Kunst
617 2400 28 23 in
657 2399 90 24 einem
761 2393 180 36 organischen
955 2393 249 35 Zusammenhang
1216 2404 96 25 vorge-

424 2435 75 28 führt
506 2434 77 28 wird.
596 2434 52 27 Die
657 2431 298 34 Wandbekleidungen
967 2429 123 28 schaffen
1104 2434 125 31 günstige
1242 2431 70 27 Hin-

424 2472 160 35 tergründe;
596 2482 50 16 vor
663 2468 235 36 weissgefältelten
911 2467 105 28 Stoffen
1032 2467 94 28 finden
1143 2473 169 29 zartgetonte

424 2510 90 28 Bilder
525 2510 57 26 ihre
595 2508 72 27 volle
679 2506 259 34 Stimmungskraft;
950 2507 28 25 in
994 2505 127 34 ruhigem
1134 2506 177 28 Dunkelroth

1389 568 63 27 oder
1460 569 185 35 Dunkelgrün
1654 575 143 30 gespritzte
1804 573 111 28 Wände
1923 576 106 26 wirken
2039 577 109 34 luftiger
2156 580 39 26 als
2203 580 65 33 glatt-

1388 606 159 33 getünchte;
1568 607 90 28 Friese
1678 609 57 27 und
1749 610 113 27 anderes
1877 611 159 29 Ornament
2059 624 56 17 von
2128 616 153 29 stilisierten

1387 643 134 28 Pflanzen
1534 645 60 26 sind
1607 655 71 24 ganz
1690 647 89 33 ruhig,
1794 648 72 26 auch
1878 651 29 24 in
1920 649 88 27 ihrem
2022 656 115 27 matten,
2153 653 54 27 fast
2219 660 46 21 ton-

1386 680 76 27 losen
1472 681 73 27 Gold
1554 682 137 33 gehalten,
1705 694 29 16 so
1744 684 61 27 dass
1814 687 37 24 sie
1860 686 76 26 nicht
1945 696 64 18 zum
2019 687 184 30 Selbstzweck
2212 701 51 17 Wer-

1386 717 62 27 dern
1462 718 37 27 So
1512 719 60 27 sind
1585 730 27 16 es
1622 720 62 27 echt
1692 721 132 27 moderne
1834 722 201 29 Schauräume*
2048 725 53 27 Ein
2110 727 169 35 viereckiger

1386 754 150 28 Mittelsaal
1543 756 75 28 dient
1627 758 38 26 als
1673 758 99 33 Foyer*
1782 758 81 28 Seine
1864 760 119 32 Wände,
1990 764 27 24 in
2027 767 115 22 mattem
2152 764 108 28 Dunkel-

1385 796 78 29 grün,
1482 793 92 27 haben
1593 797 44 24 ein
1656 795 203 28 aufstrebendes
1872 797 290 35 Pflanzenornament,
2181 801 96 28 dessen

1384 829 71 27 helle
1465 829 175 29 Sternblüten
1649 832 57 27 sich
1714 835 28 24 in
1752 833 167 28 Mittelhöhe
1928 845 35 18 zu
1972 838 90 25 einem
2076 838 199 29 umlaufenden

1384 866 74 28 Fries
1475 870 319 27 Zusammenschlüssen*
1812 871 156 35 Lebendige
1983 873 134 29 Pflanzen
2135 875 57 27 und
2211 877 49 26 Blu-

1384 914 65 17 men
1467 905 85 34 fügen
1571 906 57 27 sich
1647 909 50 24 mit
1716 908 190 27 auserlesenen
1925 910 152 28 modernen
2090 912 116 27 Möbeln
2217 914 58 27 und

1383 941 182 33 Nippsachen
1578 946 28 24 in
1619 955 90 16 neuen
1723 944 166 29 Techniken
1902 956 33 18 zu
1946 947 208 29 Plauderecken
2167 960 90 18 zusam-

1383 989 74 21 men,
1471 979 42 28 die
1527 980 62 27 dem
1599 981 156 27 Beschauer
1767 985 105 31 zeigen,
1884 994 58 16 was
1952 995 27 16 er
1988 995 49 17 aus
2047 988 103 25 seinem
2159 990 115 31 eigenen

1383 1016 84 27 Heim
1481 1018 118 26 machen
1612 1019 87 26 kann*
1712 1019 53 26 Ein
1775 1020 151 34 mächtiger
1935 1021 178 36 Rundbogen
2122 1024 87 28 öffnet
2217 1026 57 27 sich

1382 1055 28 24 in
1423 1056 60 25 eine
1491 1054 154 28 halbrunde
1654 1056 90 33 Apsis,
1754 1061 80 22 unter
1843 1057 82 28 deren
1935 1058 201 34 blühweissem,
2146 1061 109 29 blumen-

1381 1090 152 35 kelchartig
1542 1093 141 33 gerafftem
1693 1093 142 32 Zeltdach,
1849 1105 56 16 von
1913 1095 169 36 helltönigen
2092 1099 110 27 Bildern
2211 1111 41 16 um-

1381 1127 96 34 geben,
1485 1129 113 27 PUVIS
1607 1130 49 26 DE
1666 1130 82 27 CHA
1751 1131 177 28 VANNES'
1937 1133 117 28 Cartons
2061 1144 34 18 zu
2106 1136 63 26 dem
2178 1147 92 17 neuen

1382 1165 280 29 Genovefa-Dreibild
1680 1170 38 24 im
1738 1168 106 27 Pariser
1862 1169 148 28 Pantheon
2029 1172 154 34 aufgestellt
2200 1174 71 27 sind*

1380 1202 54 27 Für
1447 1203 72 27 diese
1532 1204 185 35 Zuwendung
1729 1208 34 24 ist
1775 1205 43 27 die
1830 1206 192 36 Vereinigung
2040 1209 63 27 dem
2117 1210 136 28 Grossmei-

1379 1244 52 22 ster
1445 1240 46 27 der
1504 1241 151 28 modernen
1664 1242 203 28 französischen
1878 1243 197 30 Grossmalerei
2087 1256 35 19 zu
2135 1259 134 16 warmem

1379 1277 102 27 Danke
1494 1278 179 34 verpflichtet,
1694 1279 35 27 da
1741 1280 73 27 noch
1827 1280 82 28 keine
1921 1282 263 30 nichtfranzösische
2197 1286 54 27 Aus-

1379 1314 117 35 stellung
1516 1318 27 24 in
1557 1316 46 27 der
1616 1317 74 33 Lage
1703 1328 66 20 war,
1788 1318 57 26 sich
1864 1321 49 24 mit
1932 1322 90 24 einem
2036 1331 29 16 so
2078 1321 191 29 bedeutenden

1378 1351 88 27 Werk
1485 1355 86 25 seiner
1583 1354 86 26 Hand
1687 1364 34 18 zu
1739 1354 180 29 schmücken*
1938 1356 75 28 Aber
2032 1358 72 27 auch
2123 1359 47 27 der
2189 1360 64 27 eben-

1378 1388 105 35 bürtige
1504 1390 129 28 deutsche
1653 1391 121 32 Meister,
1799 1403 81 16 unser
1901 1394 238 29 Kunsterneuerer
2159 1397 109 27 Arnold

1378 1426 186 32 BOCKLIN,
1572 1430 33 25 ist
1611 1428 107 34 würdig
1724 1434 145 27 vertreten,
1877 1430 36 27 da
1921 1430 43 28 Se*
1972 1431 28 27 k*
2008 1432 106 28 Hoheit
2121 1433 46 27 der
2175 1434 78 29 Prinz-

1376 1469 94 28 regent
1477 1475 55 16 von
1538 1465 112 33 Bayern
1656 1465 45 28 der
1706 1466 178 34 königlichen
1891 1468 180 28 Pinakothek
2078 1476 126 28 gestattet
2209 1471 58 32 hat,

1376 1500 47 27 das
1442 1502 143 34 gewaltige
1598 1503 74 26 Bild:
1691 1503 93 33 „Spiel
1803 1504 47 27 der
1862 1505 129 27 Wellen“
2003 1507 58 27 hier
2075 1509 191 27 auszustellen*

1375 1538 36 26 Es
1423 1538 49 27 hat
1485 1539 53 27 den
1552 1540 167 33 Ehrenplatz
1731 1543 29 24 in
1772 1543 91 25 einem
1873 1542 46 27 der
1929 1546 57 24 vier
1995 1554 111 24 grossen
2116 1545 149 29 Seitensäle

1375 1575 132 32 erhalten,
1527 1576 89 28 denen
1629 1578 57 26 sich
1699 1578 73 27 noch
1785 1581 43 24 ein
1841 1579 102 28 fünfter
1956 1583 38 24 im
2007 1587 88 21 ersten
2109 1582 86 27 Stock
2207 1584 58 26 und

1374 1612 123 28 mehrere
1517 1614 133 28 Cabinete
1670 1615 171 34 beigesellen*
1868 1617 58 26 Das
1947 1628 49 17 ans
2017 1618 162 29 Secretariat
2199 1626 53 22 stos-

1372 1650 83 27 sende
1468 1651 56 27 Ver
1538 1651 252 29 Sacrum-Zimmer
1808 1655 33 25 ist
1859 1654 39 27 als
1917 1655 145 27 modernes
2076 1656 126 28 Gemach
2215 1661 51 24 mit

1372 1687 144 28 moderner
1529 1689 183 34 Einrichtung
1731 1689 210 36 durchgeführt;
1961 1692 42 27 die
2016 1693 97 27 Möbel
2132 1694 64 27 blau
2215 1698 50 24 mit

1372 1724 131 28 blankem
1516 1726 265 33 Kupferornament,
1795 1728 43 27 die
1851 1728 110 34 billigen
1974 1730 153 34 Draperien
2140 1735 51 24 mit
2200 1733 54 26 stili-

1371 1764 98 25 sierten
1479 1762 224 29 Sammtblumen
1715 1764 112 32 benäht,
1841 1765 42 27 die
1892 1766 220 29 Deckenbalken
2125 1779 80 24 sogar
2214 1772 50 25 mit

1370 1799 110 27 Reihen
1493 1811 56 16 von
1562 1800 195 36 Thierfiguren
1771 1802 218 29 durchbrochen*

1458 1837 57 27 Der
1523 1838 259 35 Ausstellungsstoff
1790 1840 80 27 selbst
1879 1843 33 24 ist
1921 1841 61 27 sehr
1991 1843 202 35 mannigfaltig*
2206 1845 53 27 Die

1368 1878 122 29 grössten
1497 1875 114 27 Meister
1623 1875 46 28 des
1679 1876 156 28 Auslandes
1844 1877 91 28 haben
1945 1878 43 28 die
1995 1879 189 37 Ausstellung,
2194 1892 66 17 man

1367 1911 79 27 kann
1464 1922 94 24 sagen,
1581 1913 192 31 „brüderlich“
1792 1914 150 29 beschickt*
1963 1916 134 29 Dadurch
2117 1919 95 27 wurde
2233 1930 27 16 es

1367 1949 130 33 möglich,
1517 1949 52 28 den
1582 1950 132 28 Wienern
1733 1954 61 25 eine
1812 1953 176 28 umfassende
2001 1955 173 28 Rundschau
2193 1956 66 28 über

1367 1985 48 27 das
1423 1988 224 28 internationale
1647 1988 193 28 Kunststreben
1850 2001 110 17 unserer
1965 1991 61 27 Zeit
2035 2001 34 19 zu
2078 1993 180 28 verschaffen*

1366 2022 69 27 War
1447 2034 27 16 es
1488 2024 71 27 doch
1572 2025 48 26 das
1633 2026 242 35 Nothwendigste,
1895 2027 62 28 dem
1972 2034 84 22 etwas
2075 2031 183 33 peripherisch

1365 2060 149 34 gelegenen
1524 2062 83 27 Wien
1619 2072 35 18 zu
1667 2066 104 31 zeigen,
1784 2075 57 16 was
1850 2065 58 27 und
1922 2068 52 25 wie
1988 2066 45 27 der
2044 2066 76 28 Geist
2136 2068 46 27 der
2191 2068 50 31 „Se-

1364 2100 135 29 cession“,
1520 2099 48 27 das
1586 2099 83 28 heisst
1688 2100 46 28 der
1753 2101 219 28 künstlerischen
1985 2104 156 35 Befreiung,
2161 2108 28 23 in
2202 2106 53 26 den

1364 2144 110 23 grossen
1483 2136 311 34 Kunstmittelpunkten
1807 2139 107 27 schafft*
1928 2140 37 27 So
1979 2141 89 27 erfüllt
2081 2142 42 27 die
2133 2142 108 28 Ausstel-

1362 2171 68 34 lung
1442 2183 50 16 vor
1505 2173 82 27 allem
1607 2174 57 27 ihre
1682 2175 161 28 erziehliche
1858 2176 139 35 Aufgabe*
2016 2178 159 28 Anderseits
2192 2180 63 27 aber

1362 2219 74 16 muss
1455 2212 37 24 sie
1512 2211 48 25 auf
1577 2211 43 27 die
1637 2212 113 27 Wiener
1769 2213 206 35 Kunstbegriffe
1993 2214 186 36 berichtigend
2198 2220 42 24 ein-

1361 2246 116 32 wirken,
1498 2258 83 16 wenn
1601 2248 45 27 der
1659 2249 156 28 Beschauer
1835 2251 110 32 erfährt,
1965 2252 61 27 dass
2039 2253 72 27 diese
2124 2264 129 21 neueren,

1361 2289 132 22 neuesten
1516 2285 58 27 und
1599 2286 198 28 allerneuesten
1817 2288 92 34 Dinge
1934 2289 131 28 draussen
2083 2291 170 34 keineswegs

1361 2320 77 27 mehr
1451 2332 48 15 um
1513 2321 42 27 ihr
1568 2322 90 27 Recht
1671 2324 60 26 aufs
1744 2324 105 27 Dasein
1861 2326 145 33 kämpfen,
2025 2327 118 28 sondern
2163 2329 90 33 längst

1361 2357 41 26 die
1410 2357 162 29 Herrschaft
1579 2365 158 29 angetreten
1747 2361 101 27 haben*
1858 2363 52 26 Ein
1919 2363 94 31 Puvis,
2023 2364 131 32 Besnard,
2164 2366 88 26 Henri

1358 2394 106 27 Martin
1477 2395 156 29 beherrscht
1645 2397 42 28 die
1698 2397 173 29 Saaldecken
1884 2400 58 27 und
1952 2401 111 27 Wände
2073 2402 46 27 der
2129 2402 122 28 Kirchen

1358 2432 56 27 und
1428 2432 218 35 Staatsgebäude
1665 2438 28 24 in
1708 2436 86 27 Paris*
1808 2437 82 27 Diese
1905 2438 177 27 Neumeister
2097 2439 153 28 überfluten

1358 2469 51 27 alle
1436 2469 147 33 Gallerien,
1610 2482 67 17 vom
1701 2473 199 35 Luxembourg
1925 2475 40 27 bis
1991 2485 48 19 zur
2060 2476 189 29 Pinakothek*

1357 2507 141 27 Draussen
1520 2509 95 34 glaubt
1632 2509 66 28 kein
1717 2511 119 27 Mensch
1855 2512 79 27 mehr
1958 2512 95 32 daran,
2076 2514 62 27 dass
2157 2515 93 28 Kunst

215 1259 50 18 412.
271 1259 35 18 W.
314 1259 81 19 Crane.

215 1281 108 19 London.
332 1281 22 19 G.
365 1281 30 19 M.

214 1309 32 13 =
253 1305 107 22 Pegasus.
366 1309 30 13 =

99 179 87 37 VER
210 184 199 34 SACRUM.
