2923 3048
1370 2891 16 24 5

1116 522 82 38 AN
1222 521 87 38 DIE
1336 520 311 39 SECESSION.

1151 580 53 26 Ein
1217 578 73 28 Brief
1301 589 57 17 von
1371 579 147 26 Hermann
1531 578 83 27 Bahr*

486 630 82 28 Liebe
582 626 141 30 Freunde!

465 1068 89 29 neben
563 1067 43 28 die
614 1067 94 27 besten
717 1064 142 32 Europäer
867 1065 88 24 treten
965 1058 57 28 und
1032 1057 56 28 sich
1097 1059 51 25 mit
1156 1057 85 27 ihnen
1250 1066 107 17 messen

465 1112 111 31 dürfen!
590 1111 67 28 Wer
668 1111 77 26 hätte
757 1108 57 27 sich
828 1106 48 28 das
888 1110 129 23 träumen
1030 1101 107 28 lassen?
1151 1101 45 27 Ihr
1209 1100 72 28 dürft
1290 1100 67 28 stolz

465 1162 66 25 sein.
541 1157 83 31 Aber,
634 1154 135 31 Freunde,
778 1152 56 28 seid
844 1150 75 28 nicht
927 1149 64 28 bös:
1004 1150 97 25 mitten
1112 1150 29 23 in
1150 1145 47 28 der
1204 1145 153 27 herrlichen

464 1204 58 29 und
535 1201 165 37 grandiosen
712 1198 105 28 Freude
830 1196 66 27 über
909 1194 79 28 Euch
1001 1192 67 28 wird
1082 1194 51 24 mir
1146 1190 99 35 bange.

554 1247 47 28 Ich
613 1246 55 28 will
681 1244 80 27 Euch
774 1252 92 25 sagen,
877 1249 56 18 was
943 1240 50 26 mir
1006 1238 90 33 bange
1109 1235 104 28 macht.
1226 1235 47 27 Ich
1285 1234 72 27 habe

464 1294 100 35 Angst,
578 1293 61 27 dass
651 1290 45 28 Ihr
708 1288 80 28 Euch
800 1297 34 18 zu
851 1284 63 29 früh
931 1282 139 30 zufrieden
1087 1281 72 34 gebt.
1178 1280 57 27 Um
1249 1279 93 27 Gottes-

463 1339 101 31 willen,
578 1338 48 27 das
640 1335 72 28 dürft
723 1333 45 27 Ihr
781 1332 84 27 nicht.
878 1329 44 27 Ihr
936 1327 72 28 dürft
1020 1326 80 28 Euch
1112 1325 76 27 nicht
1197 1324 160 34 beruhigen,

463 1384 80 28 Euch
556 1382 76 27 nicht
644 1377 232 33 beschwichtigen
888 1375 100 26 lassen.
1000 1371 45 27 Ihr
1058 1371 73 27 dürft
1143 1369 77 28 nicht
1228 1369 129 34 glauben,

464 1430 62 28 dass
539 1431 63 30 jetzt
614 1426 87 28 schon
714 1423 64 27 alles
795 1419 153 37 geschehen
965 1420 41 24 ist.
1025 1415 45 27 Ihr
1083 1415 73 27 dürft
1169 1414 76 27 nicht
1257 1419 100 22 rasten.

464 1476 38 27 Es
513 1476 33 25 ist
560 1471 74 28 noch
646 1481 49 23 gar
706 1467 89 28 nichts
808 1464 162 36 geschehen,
980 1460 118 29 sondern
1111 1463 64 29 jetzt
1182 1459 78 33 fängt
1269 1469 28 17 es
1306 1463 51 23 erst

465 1519 48 28 an!
535 1518 55 27 Mit
602 1516 87 27 dieser
706 1517 89 24 ersten
807 1510 78 27 That
904 1507 67 28 habt
983 1506 44 27 Ihr
1044 1515 53 17 uns
1109 1507 44 24 ein
1166 1503 191 33 Versprechen

464 1563 131 36 gegeben.
604 1562 66 26 Löst
679 1569 27 17 es
714 1557 58 29 ein!
786 1556 96 27 Dieser
891 1558 68 23 erste
968 1551 94 34 Erfolg
1070 1550 55 33 legt
1133 1548 80 27 Euch
1220 1547 137 28 Pflichten

465 1609 56 32 auf,
540 1606 159 35 ungeheure
711 1601 146 29 Pflichten.
877 1598 79 33 Zeigt
974 1595 80 28 Euch
1067 1593 116 34 würdig,
1203 1592 89 28 erfüllt
1309 1595 48 24 sie.

554 1652 55 28 Mit
621 1650 85 28 dieser
719 1651 87 23 ersten
819 1642 181 32 Ausstellung
1011 1642 34 25 ist
1063 1638 74 28 noch
1150 1648 48 24 gar
1211 1637 88 27 nichts
1313 1647 30 24 ge-

463 1699 78 31 than,
561 1700 63 30 jetzt
640 1694 78 33 fängt
736 1702 28 17 es
783 1694 51 24 erst
852 1687 50 28 an!
925 1687 82 26 Diese
1026 1689 67 23 erste
1107 1682 180 34 Ausstellung
1300 1692 57 16 von

463 1743 81 28 Euch
556 1745 34 24 ist
600 1743 61 25 eine
673 1746 91 27 grosse
777 1735 86 33 Frage
877 1743 35 16 an
922 1731 49 27 das
979 1729 147 28 Publicum
1137 1737 135 25 gewesen.
1285 1726 72 27 Man

463 1790 78 26 hatte
553 1785 80 29 Euch
651 1782 175 35 vorgelogen,
840 1777 83 35 Jahre
942 1776 80 33 lang:
1042 1784 80 17 unser
1135 1771 146 28 Publicum
1301 1771 55 26 will

465 1834 42 28 die
520 1833 94 27 Kunst
626 1829 84 28 nicht.
730 1827 47 26 Da
794 1823 67 28 habt
877 1822 44 27 Ihr
939 1830 27 18 es
986 1818 85 28 durch
1090 1817 72 28 diese
1175 1815 180 34 Ausstellung

464 1879 120 34 gefragt:
597 1875 81 28 willst
690 1873 37 28 du
740 1871 43 28 die
795 1869 102 30 Kunst,
905 1867 34 33 Ja
952 1864 65 29 oder
1029 1862 96 28 Nein?
1142 1861 66 28 Und
1224 1871 28 17 es
1264 1860 49 27 hat
1320 1860 35 33 Ja

464 1928 104 30 gesagt,
585 1932 27 17 es
629 1920 50 27 hat
686 1918 34 34 Ja
733 1912 154 39 geschrien!
910 1912 36 27 Es
959 1913 79 24 rennt
1051 1917 33 19 zu
1098 1906 88 31 Euch,
1204 1916 27 17 es
1245 1905 110 34 jauchzt

464 1968 80 28 Euch
556 1978 45 20 zu,
614 1976 27 17 es
653 1967 34 24 ist
699 1965 51 25 wie
767 1963 28 25 in
812 1962 90 25 einem
920 1955 118 34 heiligen
1050 1950 124 29 Rausch.
1195 1950 36 28 Es
1243 1950 56 27 will
1312 1949 43 28 die

464 2014 103 30 Kunst,
581 2022 28 17 es
621 2009 56 29 will
689 2011 46 28 sie,
749 2017 28 16 es
789 2004 55 28 will
856 2001 51 29 sie!
924 2000 71 28 Nun
1008 2000 33 25 ist
1054 2007 28 18 es
1094 2007 37 16 an
1143 1995 89 31 Euch,
1246 2006 36 16 sie
1295 1995 59 26 ihm

464 2069 34 18 ZU
513 2069 16 23 8
555 2102 59 27 Uns
634 2100 44 27 die
698 2098 93 27 Kunst
811 2093 95 35 geben,
928 2090 48 27 das
995 2091 34 25 ist
1053 2087 64 27 aber
1141 2085 86 31 mehr,
1248 2084 40 27 als
1312 2084 42 27 die

464 2149 128 27 schönste
604 2143 181 32 Ausstellung
803 2139 47 27 der
867 2135 175 29 modernsten
1058 2131 90 28 Bilder
1166 2139 123 24 vermag.
1310 2129 44 26 Ihr

465 2197 87 24 müsst
568 2200 91 26 grosse
672 2187 139 29 Zauberer
827 2185 67 25 sein.
914 2180 68 28 Was
994 2180 49 25 wir
1055 2176 114 28 Wiener
1187 2185 37 16 an
1236 2174 118 27 subtilen

464 2237 136 30 Freuden,
607 2245 37 17 an
651 2235 112 31 innigen
770 2228 58 29 und
835 2227 133 28 delicaten
975 2221 172 30 Wünschen,
1154 2230 37 16 an
1198 2218 156 35 unruhigen

464 2282 185 33 Hoffnungen
662 2281 28 24 in
703 2284 117 20 unseren
833 2271 96 29 Seelen
938 2268 100 30 haben,
1049 2266 48 27 das
1109 2269 87 23 müsst
1209 2264 44 26 Ihr
1265 2273 52 17 uns
1325 2265 29 25 in

464 2328 98 26 Linien
574 2324 59 29 und
645 2326 28 24 in
686 2320 107 29 Farben
802 2318 84 28 sehen
894 2316 98 27 lassen.
1006 2312 45 27 Ihr
1060 2315 87 22 müsst
1156 2308 131 31 schaffen,
1297 2318 57 17 was

464 2371 74 28 noch
544 2370 77 28 nicht
629 2369 163 33 dagewesen
800 2366 47 25 ist:
857 2361 44 27 Ihr
909 2363 86 24 müsst
1004 2366 52 18 uns
1065 2358 61 25 eine
1135 2353 219 28 österreichische

465 2417 93 27 Kunst
571 2413 132 29 schaffen.
723 2410 99 27 Könnt
834 2407 45 27 Ihr
892 2405 47 27 das
952 2402 84 31 nicht,
1054 2400 75 28 dann
1142 2403 72 23 wäre
1227 2409 28 16 es
1266 2398 88 27 besser

464 2471 136 26 gewesen,
621 2468 52 18 uns
692 2456 82 33 ruhig
792 2455 92 26 weiter
905 2447 121 30 schlafen
1046 2456 35 18 zu
1100 2445 99 26 lassen.
1224 2443 44 27 Ihr
1287 2442 67 28 habt

464 2515 98 19 unsere
575 2501 157 30 Sehnsucht
745 2495 182 37 aufgeweckt.
940 2493 72 27 Nun
1025 2490 89 28 erfüllt
1126 2488 52 28 sie!

769 662 32 26 hr
821 659 67 28 habt
907 661 44 25 ein
967 656 99 31 Recht,
1087 656 67 26 stolz
1175 664 35 18 zu
1223 656 66 24 sein*
1311 653 45 27 Ihr

768 705 67 28 habt
858 707 27 30 ja
897 701 126 29 Wunder
1043 700 103 35 gethan
1172 702 26 23 in
1228 708 126 17 unserem

768 747 162 31 Vaterland*
957 747 69 26 Eine
1055 744 91 28 solche
1176 743 180 33 Ausstellung

767 794 91 28 haben
877 795 49 25 wir
945 791 73 27 noch
1038 789 76 28 nicht
1135 788 127 35 gesehen*
1287 788 69 26 Eine

768 838 190 33 Ausstellung,
972 838 27 25 in
1016 835 46 27 der
1079 845 27 16 es
1122 834 66 26 kein
1207 832 149 28 schlechtes

767 884 61 28 Bild
849 882 70 35 gibt!
944 881 69 26 Eine
1030 879 180 33 Ausstellung
1223 880 28 24 in
1264 877 92 30 Wien,

768 929 43 27 die
823 928 176 27 einßesume
1009 925 64 26 aller
1083 923 151 27 modernen
1240 922 117 26 Malerei

768 973 45 28 ist!
821 973 69 26 Eine
897 970 188 33 Ausstellung,
1094 968 42 27 die
1143 970 79 31 zeigt,
1230 967 61 27 dass
1298 968 58 29 wir,

767 1021 48 24 wir
837 1027 95 17 armen
946 1015 121 30 Wiener,
1089 1014 85 25 Leute
1194 1011 100 31 haben,
1315 1011 42 27 die

1492 653 69 27 Eine
1580 651 220 28 österreichische
1819 652 111 27 Kunst!
1945 652 80 33 Jeder
2044 663 57 16 von
2120 653 80 27 Euch
2217 653 81 31 fühlt,

1402 708 57 17 was
1471 697 45 27 ich
1525 700 100 24 meine*
1638 697 94 27 Wenn
1745 696 44 26 Ihr
1799 696 86 27 durch
1894 707 99 17 unsere
2003 697 112 31 milden,
2126 697 73 27 alten
2211 697 73 28 Stras-

1402 753 48 16 sen
1471 742 65 34 geht
1559 741 64 28 oder
1646 752 82 17 wenn
1747 741 45 26 Ihr
1814 741 43 27 die
1874 741 94 27 Sonne
1989 741 48 27 auf
2055 741 49 27 das
2125 742 88 27 Gitter
2231 753 66 16 vom

1402 787 188 34 Volksgarten
1603 786 130 27 scheinen
1745 785 69 32 seht,
1829 785 134 28 während
1977 786 45 27 der
2031 786 106 27 Flieder
2145 786 86 27 riecht
2240 787 58 27 und

1402 832 92 27 kleine
1506 832 200 27 Wienerinnen
1718 830 66 27 über
1798 830 43 27 die
1850 830 109 27 Schnur
1968 831 115 33 hopsen,
2094 831 65 27 oder
2167 842 83 16 wenn
2259 834 38 24 im

1402 876 195 34 Vorbeigehen
1611 887 49 16 aus
1673 878 90 25 einem
1776 875 60 27 Hof
1849 878 44 24 ein
1906 876 111 28 Walzer
2029 876 99 34 klingt,
2142 876 75 27 dann
2230 876 68 27 wird

1402 921 80 27 Euch
1495 932 29 16 so
1538 920 187 34 merkwürdig
1738 920 58 27 und
1808 920 96 27 keiner
1917 920 79 27 kann
2009 931 93 23 sagen,
2117 931 108 16 warum
2239 921 58 26 ihm

1402 976 30 17 so
1445 976 65 18 zum
1523 966 120 27 Weinen
1655 965 62 27 froh
1729 968 38 23 im
1780 965 111 28 Herzen
1904 968 42 28 ist,
1956 965 119 27 sondern
2084 976 27 16 er
2120 965 101 27 lächelt
2230 976 67 16 nur:

1402 1012 59 25 Das
1477 1014 33 24 ist
1529 1011 60 27 halt
1601 1010 97 28 Wien!
1715 1010 108 27 Dieses:
1840 1020 57 17 was
1914 1010 59 27 halt
1988 1010 84 27 Wien
2088 1013 41 28 ist,
2151 1015 87 22 müsst
2253 1010 45 27 Ihr

1402 1056 102 27 malen*
1518 1056 52 27 Die
1584 1055 130 27 moderne
1728 1055 94 26 Kunst
1839 1054 49 27 hat
1905 1054 160 34 ungeheure
2079 1055 92 27 Mittel
2183 1057 29 24 in
2225 1055 73 27 Eure

1402 1100 86 27 Hand
1502 1100 134 34 gegeben;
1649 1100 97 27 nehmt
1759 1102 46 28 sie,
1819 1110 49 15 um
1882 1099 87 27 durch
1982 1101 37 25 sie
2037 1099 42 27 die
2098 1099 77 27 Seele
2187 1110 111 16 unserer

1402 1146 116 26 Heimat
1534 1144 220 29 auszudrücken*
1772 1144 44 26 Ihr
1835 1148 87 22 müsst
1941 1144 91 27 Bilder
2048 1144 103 31 malen,
2172 1144 42 27 die
2234 1147 64 24 weit

1403 1190 131 27 draussen
1547 1193 28 23 in
1589 1189 46 27 der
1647 1189 75 27 Welt
1735 1188 43 27 die
1790 1188 125 27 fremden
1924 1188 95 31 Leute,
2030 1188 43 27 die
2081 1188 89 27 nichts
2180 1200 57 15 von
2246 1199 52 16 uns

1402 1238 108 28 wissen,
1529 1235 96 27 fühlen
1643 1234 98 30 lassen,
1761 1235 51 25 wie
1833 1235 49 25 wir
1903 1233 74 27 sind:
1997 1233 100 31 Bilder,
2118 1233 43 27 die
2182 1236 52 24 wie
2255 1233 42 27 die

1404 1280 159 27 Ouvertüre
1575 1289 65 18 zum
1653 1279 65 26 Don
1729 1279 73 32 Juan
1816 1277 65 28 oder
1895 1277 43 27 die
1951 1277 200 33 Volkshymne
2164 1277 69 27 sind*

1493 1324 65 27 Und
1572 1324 73 27 noch
1658 1323 87 27 mehr*
1758 1323 55 26 Mit
1826 1322 63 27 dem
1899 1322 98 27 Malen
2007 1322 55 27 ist's
2071 1322 73 27 noch
2160 1322 77 27 nicht
2250 1333 30 23 ge-

1403 1370 78 26 than*
1498 1370 70 26 Eine
1586 1368 219 28 österreichische
1823 1368 94 26 Kunst
1935 1367 111 27 werden
2059 1370 49 24 wir
2126 1372 52 22 erst
2195 1367 101 31 haben,

1403 1425 82 17 wenn
1504 1417 37 24 sie
1560 1418 80 22 unter
1660 1423 52 17 uns
1733 1412 71 27 allen
1825 1415 28 24 in
1875 1423 111 16 unserer
2006 1412 138 34 täglichen
2165 1412 132 27 Existenz

1403 1459 126 33 lebendig
1537 1458 146 34 geworden
1690 1460 41 24 ist*
1740 1457 82 27 Seht!
1832 1456 97 28 Indem
1937 1456 44 28 ich
1991 1456 55 28 dies
2055 1456 130 31 schreibe,
2195 1456 102 27 schaue

1403 1504 44 27 ich
1452 1503 66 28 über
1524 1506 110 24 meinen
1647 1501 87 28 Tisch
1746 1512 62 24 weg
1820 1501 99 27 durchs
1932 1501 112 27 Fenster
2053 1504 29 24 in
2091 1501 53 27 den
2153 1500 127 28 Liechten-

1403 1547 256 35 steingartenhinab
1668 1547 48 27 :da
1724 1546 65 27 ruht
1798 1546 46 27 der
1853 1556 84 24 graue
1947 1546 94 27 Palast
2050 1548 28 24 in
2087 1548 87 24 seiner
2187 1550 110 22 ernsten

1403 1594 131 33 Eleganz,
1547 1593 96 26 hinten
1656 1592 68 27 wird
1737 1592 46 26 der
1800 1591 181 34 Kahlenberg
1998 1591 86 26 schon
2097 1595 84 29 grün;
2196 1590 56 26 dies
2264 1592 33 24 ist

1403 1641 61 24 eine
1477 1638 160 31 Schönheit,
1657 1636 43 27 die
1718 1647 27 16 es
1765 1636 48 27 auf
1829 1636 45 27 der
1892 1645 107 24 ganzen
2013 1635 75 27 Welt
2104 1635 76 27 nicht
2197 1634 100 27 wieder

1404 1683 65 34 gibt*
1482 1683 47 26 Ich
1541 1682 47 27 bin
1601 1693 30 16 so
1644 1682 70 26 froh*
1728 1681 75 27 Aber
1817 1680 75 28 dann
1905 1680 64 27 sehe
1982 1680 42 27 ich
2036 1680 48 27 auf
2093 1680 52 27 den
2155 1679 95 32 Tisch,
2261 1690 36 16 an

1404 1728 62 27 dem
1480 1727 44 27 ich
1537 1727 130 31 schreibe,
1681 1726 57 27 und
1751 1726 86 27 dieser
1850 1724 87 28 Tisch
1950 1730 89 29 ärgert
2048 1725 83 27 mich*
2141 1725 37 26 Er
2190 1725 107 27 könnte

1403 1773 73 26 auch
1488 1775 29 24 in
1530 1775 90 24 einem
1630 1772 121 27 Berliner
1760 1771 81 26 Haus
1850 1770 105 27 stehen*
1966 1770 47 27 Ich
2022 1770 111 26 möchte
2142 1769 64 27 aber
2216 1772 81 24 einen

1401 1817 87 27 Tisch
1504 1817 101 31 haben,
1627 1816 46 27 der
1686 1826 34 18 zu
1739 1818 121 25 meinem
1873 1815 301 33 Liechtensteingarten
2192 1814 58 27 und
2262 1823 35 19 zu

1401 1865 121 24 meinem
1539 1861 180 34 Kahlenberg
1738 1860 106 35 gehört,
1865 1860 46 27 der
1930 1860 39 26 als
1988 1858 87 28 Tisch
2091 1870 29 16 so
2137 1859 160 27 wienerisch

1401 1909 43 29 ist,
1457 1909 52 25 wie
1527 1909 74 30 jener
1620 1909 45 24 ein
1684 1906 113 27 Wiener
1817 1905 105 27 Garten
1942 1904 57 27 und
2020 1904 85 27 dieser
2123 1907 44 24 ein
2184 1904 113 27 Wiener

1401 1952 70 33 Berg
1483 1953 41 30 ist,
1538 1950 58 28 und
1609 1962 29 16 so
1648 1950 162 28 wienerisch
1821 1950 77 27 sollte
1908 1952 74 25 mein
1989 1948 96 32 Tisch,
2099 1959 29 16 so
2136 1948 161 28 wienerisch

1401 1999 90 24 meine
1504 1996 114 33 Lampe,
1632 2006 29 16 so
1675 1995 159 27 wienerisch
1847 1997 75 25 mein
1936 1994 80 27 Stuhl
2025 1997 67 24 sein*
2101 1993 130 28 Versteht
2242 1993 53 30 Ihr,

1400 2051 58 17 was
1471 2041 44 27 ich
1528 2040 109 27 meine?
1652 2041 87 26 Unter
1751 2040 89 27 lauter
1853 2039 110 27 Sachen
1980 2042 74 24 einer
2072 2039 113 27 Wiener
2203 2038 94 26 Kunst

1401 2086 110 26 möchte
1524 2085 45 27 ich
1580 2085 89 31 leben,
1682 2087 74 25 einer
1773 2084 103 32 Kunst,
1897 2084 42 27 die
1957 2083 86 28 durch
2055 2083 58 27 ihre
2126 2083 98 27 Linien
2238 2082 57 27 und

1401 2130 57 27 ihre
1478 2130 107 27 Farben
1598 2132 51 24 mir
1663 2129 48 27 das
1724 2134 68 29 sagt,
1806 2140 58 16 was
1880 2129 45 27 ich
1942 2131 28 24 in
1988 2129 101 34 seligen
2106 2127 126 28 Stunden
2250 2127 46 27 des

1400 2175 113 27 Wiener
1531 2174 146 34 Frühlings
1693 2173 43 28 bei
1753 2177 51 23 mir
1822 2173 171 34 empfunden
2009 2172 81 28 habe*
2108 2173 81 26 Diese
2208 2177 86 22 müsst

1400 2219 45 27 Ihr
1458 2229 51 17 uns
1522 2218 96 35 geben,
1631 2218 76 27 nicht
1720 2221 60 28 mir,
1790 2218 76 27 nicht
1880 2218 102 27 diesem
1996 2217 64 27 oder
2069 2220 90 30 jenem
2171 2217 123 30 Kenner,

1400 2263 119 27 sondern
1537 2274 127 16 unserem
1683 2273 107 24 ganzen
1804 2262 103 28 Volke*
1924 2262 81 27 Hüllt
2022 2273 81 16 unser

1400 2308 77 27 Volk
1497 2311 28 23 in
1546 2310 60 25 eine
1630 2307 220 27 österreichische
1872 2307 152 27 Schönheit
2043 2307 58 27 ein!

1400 2352 105 27 Früher
1518 2352 73 27 dürft
1603 2352 45 27 Ihr
1664 2352 79 27 Euch
1756 2352 76 27 nicht
1848 2351 160 34 beruhigen.
2024 2351 79 27 Euch

1400 2397 76 27 nicht
1488 2397 230 34 beschwichtigen
1731 2397 99 27 lassen*
1851 2396 44 27 Ihr
1908 2395 67 28 habt
1990 2395 113 28 Grosses

1401 2442 112 34 gethan,
1527 2442 142 27 Grösseres
1678 2442 71 27 steht
1758 2442 73 27 noch
1840 2452 59 16 aus*
1908 2441 71 33 Jetzt
1990 2440 78 35 fängt
2076 2451 27 16 es

1401 2492 52 22 erst
1466 2497 45 17 an*
1525 2487 101 33 Zögert
1638 2486 88 28 nicht!
1739 2486 155 28 Vorwärts!

110 185 87 34 VER
221 189 200 33 SACRUM*
