2860 3048
1504 2883 15 26 2

644 565 226 34 schlechterdings
878 567 48 26 auf
932 567 52 26 den
994 568 72 26 alten
1074 568 105 34 Wegen
1190 571 111 32 gesucht
1308 572 108 26 werden
1424 578 98 23 müsse*

644 602 10 19 T
656 601 49 27 ede
723 602 69 31 Zeit,
812 603 41 26 die
872 603 57 27 ihre
947 614 93 23 eigene
1060 605 198 32 Cultur-hatte,
1281 608 74 27 hatte
1375 610 70 26 auch
1463 622 59 16 eine

643 639 130 27 moderne
786 640 101 27 Kunst*
900 640 82 27 Denn
995 642 152 29 „modern“
1166 649 32 21 ist
1211 644 87 27 nichts
1311 645 112 28 anderes
1436 648 38 26 als

641 678 168 31 zeitgemäss*

731 713 55 27 Der
808 714 208 27 entscheidende
1038 715 215 34 Gesichtspunkt
1275 718 41 26 bei
1337 719 46 26 der
1403 720 102 34 Organi-

641 760 108 23 sierung
758 750 45 27 der
812 750 178 35 Ausstellung
998 762 71 16 war:
1082 752 93 27 Kunst
1184 764 74 16 muss
1267 755 179 28 künstlerisch
1455 768 65 17 sein*

637 786 78 32 Jeder
728 787 177 34 Gegenstand
918 793 32 21 ist
963 791 26 29 ja
997 788 172 33 kritisierbar,
1183 790 63 27 aber
1256 802 26 15 er
1292 802 73 17 muss
1374 803 43 16 ein
1426 794 79 27 künst-

640 823 123 27 lerisches
776 824 128 27 Interesse
917 824 98 32 bieten,
1029 825 47 27 das
1088 826 57 26 ihm
1159 837 73 17 seine
1245 828 199 36 Berechtigung
1462 842 44 16 ver-

640 860 74 26 leiht*
727 860 65 27 Und
805 861 87 27 dann:
911 872 51 16 wie
982 862 41 26 die
1042 862 178 31 „Secession“
1234 865 42 26 die
1289 866 145 35 Befreiung
1447 871 72 24 einer

640 896 202 28 Gesammtheit
857 898 90 31 bildet,
960 909 30 16 so
1002 899 126 27 bedeutet
1140 900 212 31 „Secessionist“
1365 904 42 26 die
1421 904 84 28 Befrei-

639 944 56 24 ung
708 935 45 26 des
763 935 149 27 Einzelnen
925 935 71 27 auch
1008 936 142 27 innerhalb
1163 940 86 25 seiner
1261 950 90 16 neuen
1365 940 135 29 Gesammt-

638 970 64 28 heit*
715 972 107 26 Woran
835 971 42 27 die
889 972 53 26 alte
956 972 99 27 Schule
1065 974 156 27 versiechen
1234 981 111 26 musste,
1358 977 47 27 das
1418 981 32 24 ist
1462 979 57 27 hier

638 1008 169 27 vermieden:
826 1019 27 16 es
872 1009 56 33 gibt
945 1009 64 27 kein
1023 1010 112 33 Recept*
1156 1011 57 27 Das
1232 1013 204 35 gleichmässige
1454 1015 48 27 Ein-

637 1045 128 26 trichtern
778 1048 72 24 einer
858 1046 260 33 vorgeschriebenen
1127 1048 93 27 Kunst
1228 1049 48 27 hat
1285 1050 47 26 auf
1334 1051 103 33 gehört,
1447 1053 71 31 jedes

637 1080 102 28 Talent
751 1082 79 26 sucht
850 1083 55 26 sich
918 1086 72 24 seine
1004 1083 99 28 Schule
1117 1087 37 24 im
1167 1085 92 27 Leben
1275 1086 57 27 und
1350 1088 94 27 macht
1461 1090 56 26 sich

636 1121 72 24 seine
717 1118 130 27 Technik
859 1119 88 27 selbst*
956 1120 54 27 Wo
1024 1120 49 27 hat
1085 1126 71 22 etwa
1165 1122 218 29 SEGANTINI
1394 1125 41 27 die
1445 1129 72 24 seine

636 1155 110 33 gelernt,
760 1155 64 27 oder
833 1156 158 27 RUDOLF
1008 1157 87 31 ALT,
1109 1158 194 33 BESNARD,
1317 1160 198 34 SARGENT,

635 1191 254 33 ALEXANDER,
903 1194 193 27 KLINGER?
1109 1195 84 27 Noch
1206 1199 44 24 nie
1262 1207 57 16 war
1331 1197 42 27 die
1382 1198 92 28 Kunst
1486 1211 29 16 so

635 1228 167 32 individuell,
811 1233 51 23 wie
871 1230 91 27 heute*
976 1231 51 27 Die
1040 1231 80 27 Noth
1133 1232 45 27 der
1187 1232 285 37 Traditionslosigkeit
1483 1240 33 23 ist

634 1275 46 18 zur
693 1265 120 34 Tugend
830 1267 153 33 geworden,
1000 1268 57 26 und
1073 1279 51 15 nur
1136 1280 55 16 wer
1203 1272 44 24 ein
1263 1270 195 35 Selbsteigener
1474 1276 40 29 ist,

634 1302 66 27 wird
712 1303 83 27 heute
809 1304 38 26 als
859 1306 44 24 ein
916 1304 98 27 Echter
1031 1305 163 27 anerkannt*
1213 1307 36 26 Es
1265 1310 33 24 ist
1312 1308 71 27 auch
1396 1312 43 24 ein
1452 1311 49 26 stol-

633 1349 42 17 zer
688 1340 129 31 Anblick,
836 1343 52 24 wie
905 1340 42 27 die
959 1341 251 28 Persönlichkeiten
1227 1344 56 26 sich
1300 1347 27 24 in
1345 1345 84 28 dieser
1442 1347 54 27 Aus-

632 1376 116 34 stellung
764 1387 56 17 von
839 1377 129 27 einander
988 1378 132 28 abheben*
1140 1380 112 27 PUVIS
1265 1381 50 26 DE
1330 1382 157 30 CHAVAN-

632 1413 74 27 NES
719 1413 86 27 findet
817 1417 60 23 eine
889 1415 168 32 persönliche
1069 1415 52 28 Art
1134 1416 166 28 decorativer
1313 1419 183 29 Historienma-

631 1450 71 31 lerei,
716 1453 60 24 eine
789 1461 69 17 neue
871 1451 218 34 Hellfarbigkeit,
1102 1453 42 27 die
1157 1453 45 27 der
1211 1454 146 28 Baukunst
1369 1462 129 29 entgegen-

631 1487 118 27 kommt*
759 1482 176 33 BÖCKLIN
942 1489 126 27 erschafft
1080 1490 57 26 sich
1144 1490 142 35 frischweg
1294 1495 60 24 eine
1363 1504 70 17 neue
1441 1495 73 27 Welt

631 1524 56 26 und
699 1527 101 31 zwingt
813 1524 42 27 die
864 1525 62 31 alte,
936 1528 36 24 sie
982 1527 220 32 anzuerkennen,
1212 1531 34 29 ja,
1257 1539 27 16 er
1292 1529 69 27 lehrt
1369 1533 46 28 sie,
1426 1542 34 16 an
1473 1532 40 27 ihr

630 1561 104 27 Freude
746 1571 34 18 zu
793 1561 100 27 haben*
906 1562 102 27 ROLL
1017 1563 48 26 hat
1074 1564 56 26 sich
1139 1574 49 17 aus
1197 1566 173 27 stürmischer
1378 1567 135 36 Gährung

630 1608 33 17 zu
676 1600 90 25 einem
779 1599 90 26 Maler
881 1601 50 24 mit
943 1602 67 25 zwei
1021 1600 204 28 zielbewussten
1234 1602 121 27 Händen
1367 1604 129 35 herausge-

631 1635 82 26 klärt:
731 1638 50 23 mit
793 1638 72 24 einer
878 1636 91 26 feinen
982 1636 247 35 Stimmungshand
1243 1639 57 27 und
1313 1642 73 25 einer
1400 1642 110 27 starken

629 1670 260 29 Thatsachenfaust*
906 1672 184 28 BESNARD
1104 1675 67 26 malt
1189 1681 151 22 souveräne
1357 1677 86 28 Farbe
1461 1683 49 23 mit

629 1708 70 26 allen
712 1708 77 27 ihren
797 1709 139 33 optischen
943 1710 226 33 Consequenzen,
1179 1712 57 26 und
1245 1713 71 33 gälte
1325 1724 27 16 es
1362 1717 79 24 einen
1451 1716 48 27 offi-

628 1745 94 26 ziellen
736 1746 117 26 Plafond
866 1749 49 24 mit
927 1746 102 32 Sonne,
1038 1747 90 27 Mond
1137 1749 57 26 und
1203 1749 124 32 Sternen,
1340 1754 51 23 wie
1403 1755 38 23 im
1451 1753 39 26 Ho-

627 1782 35 25 tel
676 1781 32 27 de
721 1782 81 27 Ville*
821 1782 79 27 ALT
912 1786 32 24 ist
957 1783 46 27 der
1019 1794 90 23 grosse
1122 1785 152 32 Sachliche,
1293 1787 46 26 der
1355 1788 63 27 aber
1431 1789 78 28 dabei

627 1818 71 30 jeder
711 1818 88 27 Sache
812 1819 47 27 das
868 1821 236 27 unauslöschliche
1114 1821 125 35 Gepräge
1248 1826 85 24 seiner
1342 1824 166 29 besonderen

626 1855 85 27 Hand
728 1855 47 27 auf
778 1855 105 28 drückt*
896 1857 177 27 KLINGER
1085 1861 33 23 ist
1129 1861 28 24 in
1170 1862 93 24 seinen
1276 1860 214 30 Randzeichnun-

626 1902 51 23 gen
690 1901 34 18 zu
738 1892 108 31 „Amor
858 1893 56 26 und
927 1894 127 32 Psyche“
1072 1898 43 23 ein
1132 1895 111 32 Nabob,
1263 1897 94 27 dessen
1374 1898 113 29 Küchen-

625 1929 78 27 zettel
715 1931 50 24 mit
778 1929 72 27 Gold
866 1930 56 26 und
936 1931 106 32 Purpur

625 1965 173 33 geschrieben
807 1969 41 23 ist*
856 1966 80 27 Seine
943 1978 98 22 grosse,

625 2002 99 27 nackte
748 2003 82 33 Figur
855 2014 45 15 am
924 2004 101 27 Meeres-

624 2039 92 26 strand
739 2039 63 27 aber
821 2040 59 32 (das
900 2045 67 22 erste
988 2041 36 26 Ge-

624 2076 98 30 mälde,
747 2076 48 26 das
819 2087 66 16 man
908 2077 58 27 hier
985 2088 55 16 von

623 2113 57 26 ihm
688 2113 78 32 sieht)
776 2116 32 24 ist
817 2114 55 26 voll
879 2115 161 33 gewaltigen

623 2149 202 32 Malerwillens,
843 2150 46 27 der
905 2161 79 23 sogar
998 2151 42 27 die

621 2185 129 28 Technik
762 2190 109 31 zwingt*

673 2224 31 25 In
712 2224 52 26 den
772 2224 111 33 Köpfen
890 2224 131 27 STUCK
1025 2224 13 17 S

620 2263 33 23 ist
665 2263 43 24 ein
718 2260 65 27 Ton
793 2261 208 34 angeschlagen,
1011 2265 27 23 in

621 2296 61 27 dem
696 2307 27 16 es
735 2297 124 27 heroisch
875 2298 57 27 und
944 2298 76 27 dämo-

620 2333 76 27 nisch
709 2334 215 28 durcheinander
936 2335 101 34 klingt;

619 2373 72 24 seine
716 2371 164 28 Amazonen
888 2389 10 3 -
904 2372 133 27 Statuette

619 2407 76 26 kann
709 2418 65 16 man
791 2408 130 27 moderne
933 2409 104 27 Antike

618 2454 119 17 nennen*
790 2445 247 28 SEGANTINI

618 2481 109 26 kommt
750 2492 56 16 von
830 2485 91 24 seinen
946 2483 91 32 Alpen

1568 576 135 34 herunter,
1713 590 50 18 wie
1776 593 42 17 em
1832 584 111 34 Wilder,
1956 589 100 35 Augen
2069 595 55 27 und
2137 596 84 29 Hand
2234 601 55 27 voll
2302 602 134 31 Naivetät

1568 624 71 50 E?nd
1648 625 31 18 a2
1688 628 60 46 tT
1754 629 15 22 P
1770 656 16 18 A
1788 626 61 22 rSÖn
1848 659 13 15 L
1871 624 381 40 ChesElementvonMeisters
2254 639 189 33 chaft,dieden

1568 650 139 30 Eindruck
1715 655 45 27 des
1765 656 199 35 Angeborenen
1972 667 100 27 macht.
2081 668 35 27 Er
2122 673 33 25 ist
2162 675 59 25 eine
2228 676 157 29 malerische
2393 680 39 26 Ur

1567 797 190 32 KHNOPFF
1760 776 10 17 i
1775 768 41 61 t'
1831 780 60 49 7“
2160 781 188 34 Handschrift.
2360 764 84 53 Au<£

1567 802 188 26 KHINOPFF
1769 804 174 37 phantasiert,
1956 811 63 29 aber
2032 816 73 27 nicht
2118 822 49 24 mit
2179 821 46 28 der
2236 822 86 30 Hand
2345 826 42 28 die
2400 827 42 27 bei

1712 840 95 64 set:
1808 852 44 53 x
1853 846 67 27 tisch
1924 857 59 48 r
1985 860 36 17 au
2033 856 51 24 wd
2087 865 32 18 -
2131 866 56 18 was

1566 909 45 26 der
1619 910 135 31 Hypnose
1767 914 144 27 RätWlP
1984 898 63 17 ume
2063 900 33 17 zu
2123 904 30 16 ra
2155 904 16 23 ?
2172 905 34 17 en
2223 898 104 28 scheint
2343 900 58 27 und
2413 904 28 24 in

1564 1056 39 27 *
1615 1023 232 72 ÄS

1562 1097 53 23 trat
1627 1096 231 32 vonKROYER
1871 1103 88 29 denke
1971 1118 63 15 man
2048 1082 128 51 Sk*
2186 1082 21 25 E
2234 1082 4 51 •
2246 1082 176 43 Cyhnde£P°r-

1559 1257 878 102 aasÄpÄ

1560 1386 46 27 d«
1618 1398 17 23 B
1637 1398 49 18 a„=
1689 1399 14 17 e
1706 1364 105 57 »‘u„U
1833 1360 98 61 U„fd°
1950 1364 15 27 <l
1968 1376 33 17 '”
2018 1365 18 29 S
2038 1379 52 42 “8,
2095 1371 46 28 *'
2158 1372 215 36 Persönlichkeit
2388 1382 48 27 .„1

1560 1497 57 28 Das
1629 1501 33 25 ist
1674 1503 26 25 ia
1712 1505 59 24 eine
1784 1505 126 24 derlT™!
2059 1520 6 7 .
2073 1481 97 31 Mcnsc
2170 1485 19 27 h
2203 1497 44 18 am
2261 1490 173 31 schwersten,

1559 1534 137 34 logischen
1709 1539 131 30 Denkens
1838 1507 26 27 0
1871 1511 40 58 nf
1950 1512 15 27 b
1963 1550 8 19 T
1977 1525 23 16 IC
2001 1515 19 54 t
2021 1517 91 29 keiten
2125 1532 28 16 “
2162 1523 45 27 der
2388 1530 46 27 des

1558 1571 176 31 Architektur
1747 1577 42 28 die
1801 1579 93 32 Kunst
1900 1558 50 55 S
1959 1560 169 56 ArdStS“
2140 1569 18 36 ?
2159 1570 13 17 e
2217 1565 24 24 ei
2242 1562 11 27 *
2253 1564 37 27 dt
2291 1583 6 12 ’
2318 1565 60 28 dass
2391 1567 42 27 dic

1558 1608 48 26 stifr
1623 1609 42 27 die
1678 1611 91 25 Kirnet
1783 1616 30 20 Ao
1817 1627 8 9 c
1840 1618 30 18 Pt
1903 1624 17 12 4.-
1939 1596 11 16 s
1959 1592 111 26 Arclllte
2071 1592 162 33 ktonischen
2246 1601 56 26 und
2316 1602 42 27 die
2371 1603 47 27 Pia-

1567 1648 53 24 eei
1638 1647 43 27 die
1692 1648 94 29 Krast
1802 1653 46 24 de,
1863 1655 33 22 M
1916 1633 7 44 |
1924 1623 36 27 SCl
1960 1633 10 17 ’
1972 1635 13 17 e
1989 1636 17 41 J
2018 1630 44 28 iMi
2082 1630 34 28 di
2117 1641 26 17 “
2155 1643 17 17 »
2172 1633 17 27 b
2190 1645 27 17 »
2231 1647 51 16 *“
2283 1638 19 25 b
2316 1638 42 27 *e
2370 1640 42 27 KU-

1557 1653 56 56 sS
1625 1648 139 66 dSvX
1775 1652 314 71 GSerrtW^rr
2090 1670 9 24 1
2199 1682 12 17 5
2212 1692 7 10 '
2238 1674 17 25 d
2341 1675 37 27 >“
2380 1675 17 27 b
2399 1687 33 17 »

1555 1723 46 23 ten
1615 1719 167 33 Grosseitem
1794 1728 83 29 schon
1891 1735 91 27 werde
1994 1736 83 29 dmch
2085 1706 34 59 n
2153 1706 34 59 7
2221 1706 33 59 D
2255 1748 5 9 ,
2258 1721 34 17 en

1555 1756 121 32 stochen,
1695 1759 62 28 aber
1776 1769 51 21 erst
1845 1766 41 27 die
1905 1768 87 30 Enkel
2008 1774 53 24 hah
2113 1753 13 17 e
2138 1754 16 35 f
2263 1758 27 16 er
2299 1748 80 28 Staar
2387 1760 43 24 ge-

1555 1792 91 29 Etwas
1659 1795 96 29 Neues
1767 1799 84 29 findet
1863 1814 65 18 man
1941 1808 79 24 leirfrt
2096 1790 18 42 f
2114 1790 19 42 V
2136 1791 15 16 °
2173 1793 7 15 ‘
2182 1793 17 23 g
2219 1784 83 27 Sehen
2319 1787 95 33 Selcmt-

1554 1839 47 17 nes
1612 1833 233 34 zurückgewinnt.
1858 1839 145 34 Natürlich
2015 1826 101 51 wurde*
2120 1828 75 49 aT*
2302 1823 70 54 ift
2374 1834 15 17 o
2390 1835 29 42 */

1553 1865 86 29 Farbe
1657 1870 82 28 sofort
1757 1876 43 23 ein
1819 1859 246 54 Recept~madS
2087 1855 83 58 vt
2171 1865 65 38 W
2247 1869 17 16 a
2265 1870 18 16 «
2331 1860 43 27 für
2387 1861 42 28 die

1554 1912 54 19 von
1621 1906 88 28 denen
1723 1919 64 17 man

2014 1958 73 29 Aber
2111 1974 65 18 man
2195 1967 48 28 hat
2261 1970 57 27 sich
2336 1971 93 30 befreit

2015 2000 55 23 und
2094 1999 41 27 die
2155 2008 167 27 persönliche
2343 2009 85 29 Farbe

2013 2034 66 26 kam
2097 2045 47 19 zur
2157 2039 128 38 Geltung.
2302 2045 52 28 Die
2370 2058 44 22 per-

2013 2071 119 44 sbrdfcbe
2141 2074 165 40 Stimmung,
2315 2082 47 27 der
2370 2095 43 21 per-

2013 2108 119 28 sönliche
2149 2110 73 31 Ton.
2243 2116 58 28 Auf
2318 2121 57 26 und
2392 2122 34 27 ab

2013 2147 84 23 durch
2105 2147 42 27 die
2156 2158 85 23 ganze
2249 2153 178 38 Ausstellung

2012 2181 131 29 wimmelt
2162 2196 26 17 es
2205 2198 55 18 von
2276 2191 149 35 Beispielen

2013 2217 86 28 dafür.
2122 2219 52 29 Die
2193 2224 233 41 Differenzierung

2011 2254 35 24 ha
2049 2257 10 22 t
2071 2264 27 17 es
2110 2258 26 25 in
2145 2258 83 29 dieser
2237 2263 127 31 Hinsicht
2376 2279 33 17 un-

2011 2292 106 26 endlich
2127 2298 62 25 weit
2201 2299 140 35 gebracht;
2359 2315 66 18 man

2011 2329 84 25 meint
2102 2329 88 30 Maler
2197 2344 55 18 von
2259 2340 151 30 verschiede-

2011 2372 53 17 nen
2081 2365 131 32 Planeten
2228 2382 34 18 zu
2279 2376 91 29 sehen.
2389 2379 36 28 Ist

2011 2401 73 26 nicht
2102 2402 257 43 BRANGWYN,
2379 2416 45 28 der

2011 2436 41 26 die
2065 2441 206 32 orientalischen
2282 2446 141 37 Teppiche

2009 2482 29 16 “
2071 2476 105 29 Farben
2205 2482 143 35 übersetzt,
2380 2493 43 24 ein

2010 2514 75 23 iohn
2094 2514 149 31 desrothen
2253 2520 93 30 Mars?
2359 2525 64 28 Und

2473 2071 51 18 463.
2548 2072 61 19 John
2630 2075 29 17 M.

2474 2093 75 19 Swan.
2553 2095 106 19 London.

2488 2115 160 22 Silberlöwen.

2492 232 88 33 VER
2606 234 199 35 SACRUM.
