2860 3048
1489 2882 16 25 4

613 565 33 45 N,
647 570 59 21 atur
719 576 6 15 I
726 575 16 29 L
743 575 20 16 IC
764 565 30 27 kt
838 576 41 16 oss
896 576 49 16 aus
959 565 165 28 Oberfläche
1137 567 113 32 besteht,
1264 569 61 27 dass
1337 571 72 31 jedes
1422 571 74 34 Ding

612 637 48 24 W
671 612 14 16 e
686 601 64 60 wS
752 612 14 16 e
765 638 17 23 h
787 612 16 16 a
816 639 26 22 n
846 613 33 16 en
901 639 33 22 dr
953 613 38 48 hl
1075 604 48 27 daS
1122 641 14 14 ,
1144 604 162 28 UnbeSeelte
1314 643 7 11 .
1326 610 72 24 £eine
1420 607 17 27 S
1440 618 30 43 f
1471 609 24 26 k

612 638 57 27 hat.
690 638 110 28 Welche
816 639 223 51 Unendlichkeit,
1056 651 47 16 um
1121 641 77 27 darin
1214 652 34 18 zu
1265 643 111 32 suchen,
1392 654 34 17 zu
1443 645 52 26 for-

612 675 91 31 sehen,
722 686 35 17 zu
774 676 104 33 fragen,
896 677 136 26 vielleicht
1052 677 72 27 auch
1141 687 35 18 zu
1192 678 102 28 finden.
1312 680 55 26 Der
1385 681 110 28 wieder-

612 712 128 27 kauende
749 713 171 33 Quietismus
929 716 33 24 ist
970 715 166 27 einstweilen
1145 714 196 34 überwunden,
1351 717 46 27 der
1406 728 89 23 grosse

611 750 70 31 Pan,
700 750 46 26 der
764 750 181 27 thatsächlich
963 751 142 33 gestorben
1124 762 65 21 war,
1206 755 33 24 ist
1251 753 99 27 wieder
1367 755 127 31 erwacht,

611 791 49 22 mit
673 797 89 17 einem
777 786 113 28 Gesicht
901 797 56 17 von
970 788 91 31 heute,
1074 789 57 26 und
1143 789 75 27 führt
1230 792 93 25 seinen
1336 791 106 34 Reigen
1456 795 38 24 im

611 822 100 28 Schritt
723 834 57 16 von
796 824 91 27 heute.
904 824 82 27 Denn
1003 825 46 27 der
1062 836 90 23 grosse
1165 826 61 27 Pan
1238 826 121 28 überlebt
1376 828 59 31 alle,
1453 829 41 27 die

609 859 49 27 ihn
670 863 98 24 immer
780 861 100 26 wieder
892 861 157 34 erschlagen

699 897 70 27 Dass
782 897 42 27 bei
837 897 52 27 den
899 897 209 29 Secessiomsten
1129 899 48 27 das
1190 900 217 35 Kunstgewerbe
1419 902 75 28 nicht

608 934 54 26 leer
675 934 139 34 ausgehen
824 935 101 31 wurde,
935 945 57 17 war
998 935 228 28 vorherzusehen.
1239 937 104 27 Unsere
1351 939 142 33 angeblich

609 971 154 32 prosaische
782 971 61 27 Zeit
859 977 41 25 ist,
918 972 61 27 dem
997 983 109 24 grossen
1120 974 61 26 Pan
1194 985 36 16 sei
1243 974 94 32 Dank,
1356 975 136 33 glücklich

609 1008 84 25 dahrn
702 1008 118 33 gelangt,
831 1008 60 27 dass
901 1008 92 27 Kunst
1001 1009 57 27 und
1064 1010 132 27 Gewerbe
1203 1021 29 16 so
1240 1021 90 23 wenig
1337 1021 33 17 zu
1378 1017 114 22 trennen

1542 574 68 30 sind,
1628 577 51 24 wie
1697 578 28 23 in
1745 576 51 27 den
1815 576 198 32 fruchtbarsten
2029 582 231 35 Kunstperioden.
2279 588 52 28 Die
2350 591 64 26 däni

1542 620 10 16 S
1555 610 33 51 f
1591 621 13 16 e
1618 610 135 28 Keramik
1756 632 6 11 ’
1782 614 45 26 der
1829 625 34 16 en
1881 615 213 32 schwimmende
2108 621 159 30 Feinheiten
2286 626 79 28 selbst
2378 628 47 28 das

1542 647 225 29 altconservative
1789 650 119 29 Meissen
1928 656 28 24 in
1976 665 70 17 neue
2062 656 115 29 Bahnen
2198 661 108 29 gelockt
2325 664 89 26 haben

1542 682 42 27 die
1592 684 150 28 herrlichen
1751 687 89 27 VAN
1852 688 80 28 DER

1541 720 86 27 ihrem
1642 723 260 36 materialmässigen
1917 726 168 31 Colorismus
2099 732 57 27 und
2171 742 29 18 so
2210 736 72 26 noch
2295 738 130 26 manche

1541 757 100 27 andere
1653 759 59 26 sind
1724 760 124 27 wirklich
1861 763 142 29 modernes
2016 765 215 34 Kunstgewerbe

1630 789 72 33 Über
1716 796 41 27 die
1774 800 114 30 eigenen
1901 799 244 36 Kunstleistungen
2165 806 45 28 des
2222 808 116 27 Vereins
2354 813 70 22 stoht

1541 841 50 16 uns
1604 832 136 27 natürlich
1752 843 36 16 an
1801 835 84 27 dieser
1898 836 81 28 Stelle
1991 839 64 27 kein
2070 841 105 28 Urtheil
2188 854 33 18 zu
2248 846 56 27 Der
2315 813 110 61 HauJf

1541 868 94 26 zweck
1643 869 85 27 dieser
1736 876 87 21 ersten
1833 872 178 37 Ausstellung
2020 879 41 29 ist,
2071 878 62 28 dem
2143 880 145 30 Publicum
2298 885 48 27 das
2351 886 72 27 iW

1540 903 64 27 land
1624 914 33 18 zu
1670 908 103 32 zeigen.
1794 908 95 28 Indem
1907 921 28 16 es
1953 912 42 27 die
2008 913 93 28 hohen
2114 916 165 33 Leistungen
2292 921 45 27 des
2351 923 60 26 Aus

1539 941 94 27 landes
1641 943 125 34 würdigt,
1776 946 152 28 anerkennt
1937 958 28 17 es
1976 951 123 33 zugleich
2108 952 41 28 die
2158 931 201 59 Bereinigung

1538 977 158 36 heimischer
1696 977 144 36 Künstler,
1845 985 28 24 in
1878 985 257 39 gleicherßichtung
2140 968 273 57 vorwärtszlstreben

2067 1025 156 31 LUDWIG
2235 1031 140 29 HEVESI

2150 1760 36 18 42.
2203 1762 25 18 L.
2244 1764 126 22 Herterich.

2151 1783 120 23 btuttgart.
2303 1788 22 18 C.
2340 1789 30 19 M.

2150 1808 44 14 =
2210 1807 98 21 Ophelia
2325 1816 46 4 -

2476 220 90 33 VER
2589 221 197 33 SACRUM.
