17910 21600
10167 1431 2636 770 HUDEBNÍ
13143 1526 1786 676 LISTY.

10134 2882 1498 198 REDAKTOR:
11901 2849 1082 246 ARTUŠ
13200 2924 1564 180 REKTORY
14849 2929 208 175 S.

1682 4597 1039 236 ZDENĚK
2854 4611 1209 265 NEJEDLÝ:

3217 5055 1512 364 Smetana
4970 5187 194 236 a
5400 5079 1167 364 kritika.

4375 5665 1091 146 Pokračování.

2277 6043 487 227 Trio
2901 6066 647 208 1855.
3841 6080 317 198 Na
4309 6080 841 255 podzim
5353 6146 151 146 r.
5683 6099 529 198 1855
6420 6113 1167 246 uspořádali
7767 6132 274 213 Ko-

1658 6402 959 255 nigslow,
2778 6411 1233 255 Bennewitz,
4176 6425 1365 208 Goltermann
5698 6496 104 146 a
5972 6444 751 208 Paulus
6879 6520 123 137 v
7167 6468 1006 208 Konviktě

1644 6737 397 203 šest
2192 6737 978 208 koncertů
3326 6746 964 213 komorní
4455 6765 765 260 hudby.
5376 6784 312 198 Na
5816 6784 831 213 čtvrtém
6742 6798 269 255 (3.
7129 6813 1039 260 prosince)

1644 7087 978 203 koncertu
2712 7096 1209 250 provedeno
4002 7110 1252 213 Smetanovo
5334 7124 855 213 klavírní
6241 7143 392 203 trio
6713 7157 614 241 spolu
7413 7224 94 137 s
7587 7162 454 203 kvin-

1635 7436 477 255 tetty
2187 7431 1625 269 Schubertovým
3883 7502 109 146 a
4058 7450 1871 274 Schumannovým.
6019 7479 1450 274 Smetanovým
7564 7517 581 198 triem

1635 7767 841 213 koncert
2622 7781 883 255 zahájen.
3831 7791 543 208 Naše
4526 7805 709 203 kritika
5395 7809 47 198 i
5608 7819 586 208 valná
6345 7828 420 208 část
6912 7843 1233 213 obecenstva

1635 8102 463 265 byla
2244 8117 1455 269 Smetanovým
3855 8140 628 203 dílem
4639 8145 331 260 jak
5121 8159 643 203 náleží
5906 8187 973 203 zmatena.
7186 8197 425 203 Zde
7767 8258 246 194 po-

1625 8457 496 246 prvé
2268 8471 1035 250 vystoupil
3463 8476 491 260 plný
4110 8490 954 208 moderní
5220 8509 945 213 Smetana
6307 8584 104 137 s
6567 8532 619 203 dílem
7304 8542 827 203 nového

1620 8802 671 203 ducha
2447 8811 52 198 i
2660 8811 737 265 formy.
3567 8830 619 203 Proto
4332 8849 1082 246 stoupenci
5570 8868 803 203 starého
6524 8887 676 194 směru
7313 8891 822 255 vyčítají

1620 9203 354 142 mu
2131 9146 737 260 jednak
3024 9165 831 255 přílišné
4002 9184 1186 260 epigonství
5334 9198 128 203 k
5613 9203 1611 269 Schumannovi,
7375 9231 751 255 jednak

1616 9487 997 250 přílišnou
2773 9501 1224 260 neklidnost,
4200 9557 1597 231 neurovnanost,
5967 9557 1479 217 neformálnost
7635 9576 477 255 jeho

1616 9827 770 274 hudby.
2698 9850 614 217 První
3520 9935 104 132 z
3836 9869 468 203 nich
4512 9888 586 198 ozval
5329 9945 217 146 se
5769 9902 1257 255 Tobisch,
7261 9921 860 203 referent

1620 10186 1403 260 »Tagesbote«
3194 10205 709 265 (1855,
4058 10228 175 194 č.
4394 10228 482 250 335,
5031 10243 184 194 4.
5376 10247 1153 265 prosince):

2178 10644 657 227 Zeigte
2929 10710 359 123 uns
3373 10658 624 189 dieses
4068 10672 572 180 Werk
4729 10677 1550 231 (Schumannovo
6369 10701 430 231 trio)
6879 10710 369 180 den
7323 10715 780 184 Meister

1597 10913 194 180 in
1857 10918 609 184 seiner
2532 10937 1063 231 schonsten,
3728 10956 1247 222 geklártesten
5065 10965 1422 246 Schopferkraft,
6586 11046 222 123 so
6898 10998 1200 231 begegneten

1602 11206 340 175 wir
2060 11211 383 175 ihm
2575 11230 472 175 auch
3180 11230 189 180 in
3529 11235 335 184 der
4025 11258 628 170 ersten
4847 11254 921 189 Nummer
5943 11268 345 180 des
6468 11277 846 231 Abends,
7479 11291 609 184 einem

1592 11494 1696 241 Manuscript-Trio
3411 11565 369 132 von
3926 11532 619 180 Herrn
4710 11537 1176 241 Smetana,
6047 11556 345 184 das
6557 11565 1219 194 entschieden
7904 11580 184 180 in

1587 11783 1734 198 Sdiumann’schen
3416 11802 798 189 Formen
4304 11811 950 241 befangen
5334 11825 288 194 ist.
5754 11835 709 189 Soweit
6553 11849 326 180 der
6987 11854 1101 236 Epigone

1578 12066 194 180 in
1899 12076 515 180 eines
2542 12184 222 24 —
2882 12090 609 180 žurnál
3624 12146 231 128 so
3973 12113 926 217 pragnant
5017 12113 1691 227 eigenthiimliches
6855 12246 222 24 —
7200 12156 883 184 Meisters

1625 12354 61 43 %
1857 12364 33 33 1
2159 12359 38 38 •
2665 12364 43 33 *
4644 12392 33 5 .

1578 12397 331 137 Art
2036 12397 1427 203 emgedrungen
3647 12435 822 184 vermag,
4635 12397 236 175 ist
5050 12402 487 184 Herr
5702 12411 1115 198 Smetana
6983 12435 331 180 mit
7474 12439 605 180 Gluck

1569 12647 1200 217 gekommen.
3014 12661 246 180 So
3435 12666 236 180 ist
3836 12723 198 123 es
4205 12680 883 184 mitunter
5249 12690 817 189 wirklich
6236 12713 335 175 der
6756 12723 1318 184 musikalische

1559 12931 567 222 Jean
2258 12935 633 236 Paul,
3024 12954 302 175 ein
3449 12954 978 189 ruheloser
4550 12969 628 184 Turist
5343 12983 250 175 im
5764 12987 652 189 Kreise
6600 13002 331 184 der
7054 13002 1011 231 Tonarten,

1569 13214 326 180 der
2022 13228 836 184 launisch
2991 13238 402 180 hier
3515 13247 520 184 seine
4167 13257 718 184 Motive
4956 13266 468 180 bunt
5490 13276 534 180 uber-
6094 13280 387 184 und
6572 13290 1498 189 durcheinander

1559 13512 638 217 streut,
2315 13521 392 170 und
2835 13526 425 175 dort
3383 13526 298 180 ein
3813 13531 827 236 einziges
4734 13550 326 175 mit
5145 13564 1833 227 unerschópflichem
7058 13583 553 184 Krám
7682 13639 378 128 von

1550 13791 2008 250 Ausschmiickungen,
3728 13824 1176 189 Imitationen
5088 13843 387 180 und
5641 13852 1205 189 Variationen
7011 13866 1044 231 iiberháuft,

1554 14083 444 184 dem
2126 14098 529 180 seine
2778 14102 661 184 besten
3567 14112 983 189 Melodien
4739 14131 378 175 erst
5296 14135 874 227 gefallen,
6354 14202 567 128 wenn
7106 14211 198 128 er
7479 14164 576 180 ihnen

1550 14386 1162 222 wenigstens
2783 14400 302 175 ein
3156 14400 567 189 Glied
3789 14419 1143 217 ausgerenkt
4994 14419 463 180 oder
5513 14433 553 184 einen
6113 14433 846 189 bizarren
7035 14447 1020 231 Appendix

1545 14665 1082 231 angehángt
2759 14679 364 180 hat.
3331 14688 591 180 Unter
4044 14688 657 189 diesen
4828 14754 340 128 aus
5291 14712 609 180 vielen
7143 14735 397 180 und
7710 14740 227 180 Or-

1540 14943 2409 246 chester-Kompositionen
4077 14976 1247 194 Schumamťs
5447 14995 1030 241 allerdings
6562 15009 1370 198 herauszuschó-

1540 15236 827 217 pfenden
2565 15246 1172 189 Eindrucken
3921 15260 317 180 hat
4413 15269 487 180 Herr
5060 15279 1110 198 Smetana
6345 15302 411 175 sein
6921 15302 491 227 Trio,
7583 15317 468 175 oder

1526 15520 907 189 vielmehr
2551 15534 416 180 eine
3099 15539 1167 236 dreitheilige
4403 15557 1403 231 Rhapsodie
5943 15586 180 170 in
6269 15586 723 180 G-moll
7101 15600 841 222 geschrie-

1526 15813 482 222 ben;
2135 15822 510 180 denn
2811 15831 1049 189 besonders
4049 15841 439 184 dem
4654 15865 624 175 ersten
5447 15865 539 189 Satze
6175 15879 279 227 ist,
6647 15893 468 175 trotz
7304 15898 728 180 seinem

1521 16106 1148 231 rhythmisch
2792 16124 1370 194 interessanten
4290 16148 600 175 Motiv
5013 16153 189 180 in
5268 16162 222 217 B,
5617 16167 628 222 spáter
6369 16176 189 175 in
6638 16176 236 227 G,
6969 16181 335 180 das
7394 16186 643 222 pikant

1521 16394 1299 198 instrumental
2948 16422 860 180 vertheilt
3935 16431 978 227 erscheint,
5088 16446 454 180 aber
5712 16450 501 184 ohne
6350 16455 614 180 alles
7101 16465 921 227 System

1521 16687 369 180 den
2017 16691 420 184 Satz
2561 16706 463 175 uber
3146 16710 387 180 auf-
3699 16724 392 175 und
4257 16724 709 184 wieder
5126 16739 1243 227 untertaucht,
6524 16743 548 180 keine
7238 16748 676 231 Physio-

1507 16980 775 217 gnomie
2405 16989 1569 231 abzugewinnen.
4096 17008 392 184 Das
4592 17013 1101 189 Andante
5783 17027 241 175 ist
6104 17079 1228 175 gemessener
7413 17036 189 175 in
7691 17041 335 180 der

1517 17258 605 231 Form,
2211 17277 454 175 aber
2745 17282 326 180 der
3161 17291 1195 231 Componist,
4431 17301 335 180 der
4828 17315 562 175 dabei
5509 17367 236 123 an
5816 17320 307 175 die
6189 17320 1828 189 unnachahmlichen

1507 17556 1337 189 Tráumereien
4795 17594 855 236 Adagios
5835 17608 808 227 gedacht
6770 17613 624 180 haben
7521 17669 491 175 mag,

1507 17849 950 231 erschópft
2580 17863 411 180 sein
3118 17872 595 180 Motiv
3836 17877 189 180 in
4153 17934 335 175 gar
4668 17943 231 123 zu
5088 17891 737 231 breiter,
6019 17901 1129 180 niichterner
7304 17910 713 180 Weise.

1507 18132 397 180 Der
2022 18142 539 184 dritte
2693 18146 1427 198 Prestosatz
4247 18175 321 180 hat
4729 18180 298 175 ein
5202 18184 425 180 sehr
5811 18180 921 222 gliicklich
6869 18189 1139 189 erfundenes

1502 18420 765 231 Thema,
2391 18435 378 180 voli
2896 18444 392 175 und
3411 18444 1290 246 breitgliedrig
4819 18463 302 180 bei
5244 18468 458 180 aller
5877 18468 945 231 Rapiditát
6940 18477 392 180 und
7460 18482 548 175 meist

1493 18704 189 180 in
1805 18718 959 227 zerlegten
2943 18723 983 189 Accorden
4106 18746 444 184 sehr
4710 18751 874 184 wirksam
5759 18756 1129 222 behandelt;
7058 18765 454 180 aber
7677 18770 335 180 der

1502 18997 416 180 Satz
2036 19006 789 184 verláuft
2953 19016 728 180 einfach
3803 19025 189 180 in
4124 19035 420 175 eine
4734 19044 614 175 Partie
5523 19044 1280 180 Variationen.
7058 19044 359 180 Die
7545 19054 340 180 Auf-

1488 19290 690 180 nahme
2296 19299 340 175 des
2764 19304 784 180 Werkes
3676 19370 383 123 war
4191 19318 293 175 ein
4606 19323 865 180 Succes
5613 19328 1120 180 ďestime
6860 19474 43 33 .
7035 19474 43 33 .
7214 19479 38 28 .
7375 19488 28 19 .

9123 4668 699 198 Téhož
10020 4668 406 198 dne
10625 4677 576 198 ozval
11357 4739 217 142 se
11797 4753 123 128 v
12132 4691 945 208 Bohemii
13290 4710 241 236 (č.
13748 4710 491 255 287)
14452 4715 581 203 Ulm

8546 5013 609 198 velmi
9317 5008 1205 260 zajímavým
10682 5017 1106 208 referátem.
11948 5036 406 255 Jest
12510 5055 780 241 patrno,
13441 5055 231 194 že
13824 5055 487 203 Ulm
14476 5060 425 198 Sme-

8537 5357 765 194 tanovu
9463 5362 482 194 Triu
10101 5357 444 203 také
10701 5376 1479 236 neporozuměl
12383 5443 109 137 a
12699 5400 600 236 proto
13517 5391 189 255 je
13861 5400 676 250 přímo
14698 5466 227 142 ne-

8532 5688 713 208 chválí.
9524 5702 789 260 Jakoby
10469 5702 487 203 však
11107 5707 647 250 věděl,
11957 5783 250 137 co
12435 5787 217 137 se
12808 5735 557 198 bude
13517 5740 425 198 dílu
14102 5750 935 255 vytýkati,

8523 6043 510 194 staví
9180 6099 217 142 se
9553 6043 704 255 zjevně
10413 6104 255 142 na
10819 6057 690 194 stranu
11669 6057 1247 213 Smetanovu
13002 6137 118 137 a
13228 6071 397 265 hájí
13739 6090 1299 250 principielní

8518 6378 1049 250 přednosti
9718 6387 487 255 jeho
10365 6397 609 246 prací,
11145 6402 454 198 aniž
11759 6402 269 260 by
12180 6472 217 137 se
12553 6420 803 246 pouštěl
13517 6425 279 198 do
13909 6430 1115 203 detailního

8509 6723 898 198 rozboru
9567 6737 463 194 Tria
10186 6737 917 198 samého.
11277 6737 1120 269 Akcentuje
12543 6761 491 203 však
13153 6765 1205 208 modernost
14466 6775 425 198 Sme-

8499 7077 770 194 tanovu
9425 7077 321 198 tak
9902 7082 709 250 pěkně,
10819 7091 227 194 že
11235 7077 935 217 můžeme
12321 7106 822 250 právem
13299 7110 605 203 viděti
14065 7181 128 132 v
14343 7129 657 189 tomto

8494 7408 827 203 referátě
9425 7417 586 260 silný,
10162 7431 236 198 ač
10554 7431 1261 260 neujasněný
11976 7446 709 255 projev
12855 7512 369 194 pro
13342 7455 1011 203 Smetanu.
14499 7465 487 250 Jsou

8494 7767 203 189 to
8858 7767 605 241 první
9614 7772 798 250 ozvuky
10569 7772 491 255 boje
11211 7833 132 142 o
11504 7776 1025 217 Smetanu.
12827 7795 487 203 Ulm
13479 7800 553 246 píše:

9047 8202 406 184 Wir
9576 8211 643 180 hatten
10351 8216 595 180 schon
11121 8220 1318 231 Gelegenheit,
12600 8235 317 180 auf
13096 8239 1115 184 Smetana
14301 8386 302 43 ...
14731 8258 279 175 ais

8476 8480 959 231 tuchtigen
9567 8499 1233 222 productiven
10937 8509 888 189 Kiinstler
11943 8513 1342 189 hinzuweisen.
13455 8528 203 222 Je
13791 8542 751 208 grósser
14665 8542 335 180 das

8476 8769 1205 231 modeme,
9756 8787 425 175 weil
10247 8797 907 175 zunáchst
11220 8802 1304 222 poetische
12600 8811 392 180 und
13068 8811 524 180 mehr
13663 8820 935 180 nebenbei
14679 8825 307 222 (!)

8471 9061 1304 189 musicalische
9846 9076 666 180 Talent
10578 9080 524 180 eines
11169 9080 723 231 jungen
11972 9094 1441 231 Componisten,
13483 9104 548 180 desto
14121 9118 869 217 gróssere

8466 9345 959 184 Gefahren
9553 9354 728 180 drohen
10408 9364 326 180 der
10857 9373 1328 184 wesentlichen
12279 9378 534 198 Ruhe
12883 9387 340 180 des
13304 9387 1039 231 Schaffens,
14400 9454 572 123 vvenn

8466 9690 198 123 er
8787 9638 387 180 sich
9302 9690 378 132 von
9813 9643 378 184 den
10323 9652 1290 227 aufregenden
11783 9661 1181 184 Eindriicken
13167 9676 331 175 der
13677 9685 1205 217 gegenwártli-

8457 9921 477 180 chen
9061 9926 562 184 Muse
9751 9931 1238 189 influenziren
11164 9945 506 184 lásst.
11920 9950 359 184 Die
12491 9954 978 184 Unruhe
13654 9969 335 175 des
14169 9969 808 231 jetzigen

8457 10205 1474 194 kunstlerischen
10091 10224 865 184 Wirkens
11121 10233 331 180 mit
11636 10233 657 184 seinen
12420 10247 1743 231 grossartigen
14367 10261 510 175 Inten-

8447 10498 709 222 tionen,
9293 10502 619 184 denen
10044 10507 302 175 die
10474 10512 1309 231 gleichzeitige
11976 10526 1757 231 Urspriinglichkeit
13857 10545 605 180 reiner
14580 10602 265 123 mu-

8447 10786 1077 184 sikalischer
9647 10795 1063 227 Begabung
10833 10857 359 132 nur
11310 10809 595 175 selten
12033 10819 1214 217 gewachsen,
13417 10833 472 175 stórt
14041 10833 917 180 naturlich

8447 11074 369 175 den
8943 11074 1587 231 gleichmássigen
10672 11088 803 175 Process
11608 11093 335 180 des
12071 11098 1049 222 Werdens;
13252 11107 524 180 seine
13913 11117 472 180 Hast
14509 11121 458 180 lásst

8443 11357 340 175 des
8910 11357 1157 189 Verstandes
10209 11372 945 227 Geníigen
11348 11376 439 180 dem
11991 11438 378 123 nun
12553 11386 694 180 einmal
13431 11400 912 227 nothigen
14523 11409 335 175 for-

8443 11646 775 180 malen
9369 11655 1101 180 Bediirfniss
10602 11655 340 180 der
11117 11660 997 184 Tonkunst
12269 11669 553 184 kaum
12983 11731 288 128 zu.
13512 11683 402 175 Wir
14036 11688 898 227 glaubten

8433 11929 524 184 diese
9090 11934 1446 231 Bemerkungen
10663 11948 1469 184 voranschicken
12312 12009 231 123 zu
12713 11967 850 217 miissen,
13734 11967 510 184 denn
14428 11981 520 180 offen

8428 12227 728 217 gesagt,
10720 12231 444 180 Trio
11296 12236 643 184 schien
12076 12241 510 180 nicht
12746 12302 222 123 zu
13157 12250 1233 236 befriedigen,
14523 12269 425 180 weil

8428 12501 335 180 der
8887 12506 595 180 Inhalt
9609 12510 302 175 ein
10035 12567 487 175 ganz
10606 12520 392 175 und
11131 12576 335 170 gar
11589 12529 713 227 eigen
12387 12529 1446 189 thiimlicher
13956 12553 387 170 und
14433 12553 383 180 dem-

8419 12789 756 231 zufolge
9302 12794 307 180 die
9732 12798 1408 189 Architektonik
11263 12813 340 180 des
11698 12817 780 184 Ganzen
12553 12827 425 180 eine
13049 12827 1384 194 befremdliche.
14565 12846 383 175 Der

8419 13082 1800 227 rhapsodische
10356 13096 1020 189 Charakter
11504 13110 331 180 der
12024 13110 973 189 einzelnen
13186 13124 600 217 Sátze,
13975 13134 335 175 das
14494 13134 340 180 Ver-

8419 13365 784 189 háltniss
9335 13375 1006 184 derselben
10431 13441 227 128 zu
10753 13389 893 180 einander
11735 13398 907 180 scheinen
12728 13408 501 180 beim
13323 13417 614 175 ersten
14036 13417 898 184 Anhóren

8409 13658 1020 227 zufallig
9553 13668 387 175 und
10068 13668 586 180 daher
10772 13672 364 184 den
11334 13682 1356 231 Forderungen
12865 13691 477 184 nach
13512 13701 1422 184 harmonischer

8419 13946 1998 241 Uebereinstimmung
10535 14013 227 128 zu
10899 13975 643 227 wenig
11669 13975 1054 236 Rechnung
12846 13989 850 227 tragend.
13866 13998 246 170 Es
14235 13998 236 175 ist
14589 14050 227 128 un-

8409 14235 879 227 móglich,
9420 14244 335 175 das
9883 14244 572 180 Werk
10625 14306 231 123 en
11031 14258 567 184 detail
11778 14320 236 123 zu
12203 14272 1285 227 besprechen;
13687 14282 435 175 dem
14310 14291 609 170 ersten

8405 14523 420 175 Saíz
8953 14528 836 227 mangelt
9917 14584 208 128 es
10247 14537 1030 231 allerdings
11400 14598 246 132 an
11778 14551 841 194 Klarheit
12789 14561 331 175 der
13243 14565 1280 231 Gliederung;
14655 14570 260 184 im

8395 14811 803 180 zweiten
9321 14816 657 175 wiirde
10101 14820 307 180 die
10535 14830 1096 231 Beziehung
11759 14844 331 175 der
12208 14839 690 184 beiden
12987 14844 1280 189 Alternativen
14395 14858 515 180 wohl

8391 15090 506 184 beim
9019 15099 803 180 zweiten
9945 15109 912 189 Anhoren
10980 15123 633 227 jedem
11740 15123 383 184 klar
12231 15137 883 213 werden;
13247 15137 255 175 im
13597 15137 685 184 letzten
14376 15151 534 222 prágt

8395 15378 397 175 sich
8920 15383 326 180 der
9378 15387 591 180 Inhalt
10153 15397 189 180 in
10531 15402 1035 189 deutlicher
11759 15420 1866 184 Uebersichtlichkeit
13814 15430 515 184 offen
14509 15491 402 128 aus.

8391 15666 619 180 Selbst
9123 15680 317 175 auf
9609 15680 302 180 die
10091 15690 765 231 Gefahr,
11055 15699 411 180 mit
11646 15709 912 180 meiner
12742 15713 1172 236 Meinung
14098 15728 817 180 isolirt

8391 15959 1200 231 dazustehen,
9718 15978 605 180 notire
10446 15983 298 175 ich
10876 15983 345 184 das
11348 15987 572 184 Werk
12080 15997 274 180 ais
12534 15997 293 180 ein
13006 16006 1096 180 áusserst
14268 16063 510 132 anre-

8381 16247 983 222 gendes.
9553 16252 883 189 Smetana
10569 16266 624 236 bringt
11324 16276 1172 227 Erlebtes,
12624 16285 1224 189 kunstlerisch
13980 16299 926 184 vielleicht

8381 16526 501 184 nicht
9066 16535 1205 189 harmonisch
10465 16554 1290 231 Vollendetes,
11934 16573 444 175 aber
12543 16569 1474 189 individuell
14197 16587 591 231 Repro-

8376 16819 869 189 ducirtes.
9369 16828 472 184 Das
9969 16838 317 180 ist
10408 16847 539 222 viel,
11079 16847 340 184 das
11594 16857 364 222 hat,
12090 16857 298 180 ich
12553 16866 694 222 glaube
13380 16923 255 165 es,
13767 16876 1120 189 Zukunft.

8376 17112 449 180 Und
8910 17169 387 128 nun
9387 17131 567 222 móge
10044 17187 435 128 man
10573 17135 373 184 den
11036 17145 1120 198 Referenten
12246 17154 553 180 einen
12898 17164 718 180 Idioten
13743 17169 463 180 oder
14291 17173 477 180 Phan-

8362 17405 609 175 tasten
9104 17409 945 222 schelten;
10186 17476 194 123 er
10498 17428 666 227 glaubt
11291 17443 524 175 seine
11991 17443 907 189 Pflicht
13068 17457 609 175 erfullt
13852 17513 227 123 zu
14211 17457 666 231 haben,

8367 17745 557 128 wenn
9057 17745 194 128 er
9378 17698 364 180 den
9869 17707 1020 184 áussern
11017 17726 860 227 Erfolg
12043 17735 520 175 eines
12723 17792 624 128 neuen
13469 17745 780 180 Werkes
14376 17754 501 175 nicht

8367 17986 1209 227 verschwieg,
9709 17991 562 184 dabei
10394 18000 454 184 aber
10932 18009 524 184 seine
11556 18014 1030 231 subjective
12676 18024 978 231 Meinung,
13753 18028 269 180 sie
14098 18033 690 231 einiger-

8367 18321 756 128 massen
9246 18274 1309 236 begriindend,
10687 18293 515 180 offen
11334 18298 1162 236 heraussagt.

14816 18557 43 47 \

8934 18633 165 198 Z
9246 18633 732 213 tohoto
10129 18647 865 208 referátu
11225 18671 798 246 patrno,
12246 18676 236 194 že
12680 18671 487 198 Trio
13328 18676 539 203 mělo
14031 18680 831 260 úspěch,

8348 18969 312 208 ale
8811 18978 1115 208 hudebníci
10077 18997 236 194 že
10512 19002 194 255 je
10899 19002 1446 269 jednomyslně
12548 19011 1044 213 odsoudili
13748 19020 468 255 jako
14391 19096 354 146 »ne-

8348 19313 756 250 jasnéc,
9260 19323 1006 213 formálně
10431 19337 1299 217 nedokonalé
11887 19356 491 198 dílo.
12619 19356 624 203 Proto
13408 19361 491 203 Ulm
14060 19431 94 146 s
14301 19384 557 203 tako-

10110 3331 227 227 □
10550 3354 161 198 V
10880 3359 1039 265 PRAZE,
12142 3378 222 203 7.
12543 3331 1191 265 BŘEZNA
13918 3383 737 217 1908.
14844 3378 231 227 □

1757 1375 7663 2187 Dalibor

10134 2400 746 255 ČÍSLO
11022 2480 373 175 24.
13380 2447 954 241 ROČNÍK
14485 2518 591 175 XXX.
