<?xml version="1.0" encoding="UTF-8"?>
<alto xmlns:xsi="http://www.w3.org/2001/XMLSchema-instance" xmlns="http://www.loc.gov/standards/alto/ns-v2#" xsi:schemaLocation="http://www.loc.gov/standards/alto/ns-v2# http://www.loc.gov/standards/alto/v2/alto-2-0.xsd" xmlns:xlink="http://www.w3.org/1999/xlink">
	<Description>
		<MeasurementUnit>inch1200</MeasurementUnit>
		<sourceImageInformation>
			<fileName>//fileserver7/IN2/PUL-DaliborMusicJournal/1908/01/04_01/00000109.tif</fileName>
		</sourceImageInformation>
		<OCRProcessing ID="OCRPROCESSING_1">
			<preProcessingStep>
				<processingSoftware>
					<softwareCreator>CCS Content Conversion Specialists GmbH, Hamburg, Germany</softwareCreator>
					<softwareName>CCS docWorks</softwareName>
					<softwareVersion>7.0-1.16</softwareVersion>
				</processingSoftware>
			</preProcessingStep>
			<ocrProcessingStep>
				<processingSoftware>
					<softwareCreator>ABBYY (BIT Software), Russia</softwareCreator>
					<softwareName>FineReader</softwareName>
					<softwareVersion>11.0</softwareVersion>
				</processingSoftware>
			</ocrProcessingStep>
			<postProcessingStep>
				<processingSoftware>
					<softwareCreator>CCS Content Conversion Specialists GmbH, Hamburg, Germany</softwareCreator>
					<softwareName>CCS docWorks</softwareName>
					<softwareVersion>7.0-1.16</softwareVersion>
					<applicationDescription>docWorks: Text modified manually, or automatically replaced</applicationDescription>
				</processingSoftware>
			</postProcessingStep>
		</OCRProcessing>
	</Description>
	<Styles>
		<TextStyle ID="TXT_0" FONTSIZE="53" FONTFAMILY="Times New Roman" FONTSTYLE="bold"/>
		<TextStyle ID="TXT_1" FONTSIZE="14" FONTFAMILY="Times New Roman" FONTSTYLE="bold"/>
		<TextStyle ID="TXT_2" FONTSIZE="24" FONTFAMILY="Times New Roman"/>
		<TextStyle ID="TXT_3" FONTSIZE="16" FONTFAMILY="Times New Roman"/>
		<TextStyle ID="TXT_4" FONTSIZE="17" FONTFAMILY="Times New Roman" FONTSTYLE="bold"/>
		<TextStyle ID="TXT_5" FONTSIZE="15" FONTFAMILY="Times New Roman"/>
		<TextStyle ID="TXT_6" FONTSIZE="11" FONTFAMILY="Times New Roman" FONTSTYLE="bold"/>
		<TextStyle ID="TXT_7" FONTSIZE="15" FONTFAMILY="Times New Roman" FONTSTYLE="bold"/>
		<TextStyle ID="TXT_8" FONTSIZE="18" FONTFAMILY="Times New Roman" FONTSTYLE="bold"/>
		<ParagraphStyle ID="PAR_RIGHT" ALIGN="Right"/>
		<ParagraphStyle ID="PAR_LEFT" ALIGN="Left"/>
		<ParagraphStyle ID="PAR_BLOCK" ALIGN="Block"/>
	</Styles>
	<Layout>
		<Page ID="P1" PHYSICAL_IMG_NR="1" HEIGHT="21600" WIDTH="16800" PC="0.885">
			<TopMargin ID="P1_TM00001" HPOS="0" VPOS="0" WIDTH="16800" HEIGHT="1517"/>
			<LeftMargin ID="P1_LM00001" HPOS="0" VPOS="1517" WIDTH="1243" HEIGHT="18231"/>
			<RightMargin ID="P1_RM00001" HPOS="14683" VPOS="1517" WIDTH="2117" HEIGHT="18231"/>
			<BottomMargin ID="P1_BM00001" HPOS="0" VPOS="19748" WIDTH="16800" HEIGHT="1852"/>
			<PrintSpace ID="P1_PS00001" HPOS="1243" VPOS="1517" WIDTH="13441" HEIGHT="18231">
				<TextBlock ID="P1_TB00001" HPOS="9742" VPOS="1535" WIDTH="4942" HEIGHT="813" STYLEREFS="TXT_0 PAR_RIGHT">
					<TextLine ID="P1_TL00001" HPOS="9742" VPOS="1554" WIDTH="4937" HEIGHT="794">
						<String ID="P1_ST00001" HPOS="9742" VPOS="1554" WIDTH="2613" HEIGHT="789" CONTENT="HUDEBNÍ" WC="0.98" CC="6603326"/>
						<SP ID="P1_SP00001" HPOS="12354" VPOS="2343" WIDTH="359"/>
						<String ID="P1_ST00002" HPOS="12713" VPOS="1672" WIDTH="1965" HEIGHT="676" CONTENT="LISTY." WC="0.97" CC="646560"/>
					</TextLine>
				</TextBlock>
				<TextBlock ID="P1_TB00002" HPOS="9737" VPOS="2991" WIDTH="4946" HEIGHT="260" STYLEREFS="TXT_1 PAR_RIGHT">
					<TextLine ID="P1_TL00002" HPOS="9746" VPOS="3000" WIDTH="4928" HEIGHT="236">
						<String ID="P1_ST00003" HPOS="9746" VPOS="3019" WIDTH="1502" HEIGHT="198" CONTENT="REDAKTOR:" WC="0.99" CC="070000205"/>
						<SP ID="P1_SP00002" HPOS="11249" VPOS="3217" WIDTH="260"/>
						<String ID="P1_ST00004" HPOS="11509" VPOS="3000" WIDTH="1087" HEIGHT="236" CONTENT="ARTUŠ" WC="0.99" CC="00050"/>
						<SP ID="P1_SP00003" HPOS="12595" VPOS="3236" WIDTH="217"/>
						<String ID="P1_ST00005" HPOS="12813" VPOS="3061" WIDTH="1559" HEIGHT="175" CONTENT="REKTORY" WC="0.99" CC="0600300"/>
						<SP ID="P1_SP00004" HPOS="14372" VPOS="3236" WIDTH="90"/>
						<String ID="P1_ST00006" HPOS="14461" VPOS="3061" WIDTH="213" HEIGHT="175" CONTENT="S." WC="1.00" CC="00"/>
					</TextLine>
				</TextBlock>
				<TextBlock ID="P1_TB00003" HPOS="1342" VPOS="4691" WIDTH="2362" HEIGHT="284" STYLEREFS="TXT_1 PAR_LEFT">
					<TextLine ID="P1_TL00003" HPOS="1346" VPOS="4691" WIDTH="2353" HEIGHT="284">
						<String ID="P1_ST00007" HPOS="1346" VPOS="4691" WIDTH="1025" HEIGHT="236" CONTENT="ZDENĚK" WC="0.98" CC="306215"/>
						<SP ID="P1_SP00005" HPOS="2372" VPOS="4928" WIDTH="132"/>
						<String ID="P1_ST00008" HPOS="2504" VPOS="4701" WIDTH="1195" HEIGHT="274" CONTENT="NEJEDLÝ:" WC="0.99" CC="12460300"/>
					</TextLine>
				</TextBlock>
				<TextBlock ID="P1_TB00004" HPOS="2863" VPOS="5150" WIDTH="3345" HEIGHT="369" STYLEREFS="TXT_2 PAR_LEFT">
					<TextLine ID="P1_TL00004" HPOS="2868" VPOS="5154" WIDTH="3331" HEIGHT="364">
						<String ID="P1_ST00009" HPOS="2868" VPOS="5154" WIDTH="1498" HEIGHT="350" CONTENT="Smetana" WC="0.99" CC="0646020"/>
						<SP ID="P1_SP00006" HPOS="4365" VPOS="5504" WIDTH="250"/>
						<String ID="P1_ST00010" HPOS="4616" VPOS="5287" WIDTH="180" HEIGHT="222" CONTENT="a" WC="1.00" CC="0"/>
						<SP ID="P1_SP00007" HPOS="4795" VPOS="5509" WIDTH="260"/>
						<String ID="P1_ST00011" HPOS="5055" VPOS="5178" WIDTH="1143" HEIGHT="340" CONTENT="kritika." WC="0.99" CC="45060406"/>
					</TextLine>
				</TextBlock>
				<TextBlock ID="P1_TB00005" HPOS="1252" VPOS="5844" WIDTH="6557" HEIGHT="9029" STYLEREFS="TXT_3 PAR_LEFT">
					<TextLine ID="P1_TL00005" HPOS="3378" VPOS="5844" WIDTH="2372" HEIGHT="283">
						<String ID="P1_ST00012" HPOS="3378" VPOS="5858" WIDTH="217" HEIGHT="194" CONTENT="H." WC="0.59" CC="70" STYLEREFS="TXT_4"/>
						<SP ID="P1_SP00008" HPOS="3595" VPOS="6052" WIDTH="236"/>
						<String ID="P1_ST00013" HPOS="3831" VPOS="5858" WIDTH="676" HEIGHT="203" CONTENT="První" WC="0.98" CC="51040" STYLEREFS="TXT_4"/>
						<SP ID="P1_SP00009" HPOS="4507" VPOS="6061" WIDTH="170"/>
						<String ID="P1_ST00014" HPOS="4677" VPOS="5844" WIDTH="1072" HEIGHT="283" CONTENT="skladby." WC="1.00" CC="00300020" STYLEREFS="TXT_4"/>
					</TextLine>
					<TextLine ID="P1_TL00006" HPOS="3874" VPOS="6302" WIDTH="3680" HEIGHT="237">
						<String ID="P1_ST00015" HPOS="3874" VPOS="6302" WIDTH="392" HEIGHT="222" CONTENT="(Do" WC="0.91" CC="788" STYLEREFS="TXT_5"/>
						<SP ID="P1_SP00010" HPOS="4266" VPOS="6524" WIDTH="128"/>
						<String ID="P1_ST00016" HPOS="4394" VPOS="6364" WIDTH="128" HEIGHT="118" CONTENT="r." WC="0.47" CC="45" STYLEREFS="TXT_5"/>
						<SP ID="P1_SP00011" HPOS="4521" VPOS="6524" WIDTH="146"/>
						<String ID="P1_ST00017" HPOS="4668" VPOS="6317" WIDTH="586" HEIGHT="222" CONTENT="1856.)" WC="0.39" CC="765845" STYLEREFS="TXT_5"/>
						<SP ID="P1_SP00012" HPOS="5254" VPOS="6539" WIDTH="1224"/>
						<String ID="P1_ST00018" HPOS="6477" VPOS="6378" WIDTH="1077" HEIGHT="151" CONTENT="Pokračování." WC="0.99" CC="856444524644" STYLEREFS="TXT_6"/>
					</TextLine>
					<TextLine ID="P1_TL00007" HPOS="1899" VPOS="6709" WIDTH="5901" HEIGHT="298">
						<String ID="P1_ST00019" HPOS="1899" VPOS="6709" WIDTH="609" HEIGHT="208" CONTENT="První" WC="0.99" CC="30020"/>
						<SP ID="P1_SP00013" HPOS="2509" VPOS="6917" WIDTH="156"/>
						<String ID="P1_ST00020" HPOS="2665" VPOS="6723" WIDTH="1243" HEIGHT="198" CONTENT="Smetanovo" WC="0.99" CC="000055306"/>
						<SP ID="P1_SP00014" HPOS="3907" VPOS="6921" WIDTH="170"/>
						<String ID="P1_ST00021" HPOS="4077" VPOS="6784" WIDTH="586" HEIGHT="189" CONTENT="opus," WC="1.00" CC="00000"/>
						<SP ID="P1_SP00015" HPOS="4663" VPOS="6973" WIDTH="137"/>
						<String ID="P1_ST00022" HPOS="4800" VPOS="6732" WIDTH="1106" HEIGHT="198" CONTENT="Morceaux" WC="0.82" CC="70000104"/>
						<SP ID="P1_SP00016" HPOS="5906" VPOS="6973" WIDTH="104"/>
						<String ID="P1_ST00023" HPOS="6009" VPOS="6746" WIDTH="1791" HEIGHT="260" CONTENT="caractéristiques," WC="0.79" CC="04020300366007000"/>
					</TextLine>
					<TextLine ID="P1_TL00008" HPOS="1313" VPOS="7058" WIDTH="6496" HEIGHT="293">
						<String ID="P1_ST00024" HPOS="1313" VPOS="7058" WIDTH="817" HEIGHT="203" CONTENT="vzniklo" WC="1.00" CC="0300003"/>
						<SP ID="P1_SP00017" HPOS="2131" VPOS="7261" WIDTH="170"/>
						<String ID="P1_ST00025" HPOS="2301" VPOS="7124" WIDTH="246" HEIGHT="132" CONTENT="na" WC="0.95" CC="00"/>
						<SP ID="P1_SP00018" HPOS="2546" VPOS="7261" WIDTH="165"/>
						<String ID="P1_ST00026" HPOS="2712" VPOS="7063" WIDTH="813" HEIGHT="198" CONTENT="začátku" WC="0.99" CC="0330610"/>
						<SP ID="P1_SP00019" HPOS="3524" VPOS="7261" WIDTH="208"/>
						<String ID="P1_ST00027" HPOS="3732" VPOS="7129" WIDTH="151" HEIGHT="137" CONTENT="r." WC="0.80" CC="04"/>
						<SP ID="P1_SP00020" HPOS="3883" VPOS="7266" WIDTH="236"/>
						<String ID="P1_ST00028" HPOS="4120" VPOS="7077" WIDTH="586" HEIGHT="198" CONTENT="1848." WC="0.83" CC="61000"/>
						<SP ID="P1_SP00021" HPOS="4706" VPOS="7276" WIDTH="307"/>
						<String ID="P1_ST00029" HPOS="5013" VPOS="7077" WIDTH="935" HEIGHT="208" CONTENT="Smetana" WC="0.99" CC="0107300"/>
						<SP ID="P1_SP00022" HPOS="5948" VPOS="7285" WIDTH="203"/>
						<String ID="P1_ST00030" HPOS="6151" VPOS="7096" WIDTH="591" HEIGHT="189" CONTENT="zaslal" WC="1.00" CC="000060"/>
						<SP ID="P1_SP00023" HPOS="6742" VPOS="7285" WIDTH="213"/>
						<String ID="P1_ST00031" HPOS="6954" VPOS="7101" WIDTH="855" HEIGHT="250" CONTENT="rukopis" WC="1.00" CC="0102010"/>
					</TextLine>
					<TextLine ID="P1_TL00009" HPOS="1323" VPOS="7398" WIDTH="6472" HEIGHT="288">
						<String ID="P1_ST00032" HPOS="1323" VPOS="7398" WIDTH="935" HEIGHT="246" CONTENT="Lisztovi," WC="0.80" CC="510201022"/>
						<SP ID="P1_SP00024" HPOS="2258" VPOS="7644" WIDTH="156"/>
						<String ID="P1_ST00033" HPOS="2414" VPOS="7408" WIDTH="713" HEIGHT="198" CONTENT="Liszt" WC="0.60" CC="44046"/>
						<SP ID="P1_SP00025" HPOS="3128" VPOS="7644" WIDTH="161"/>
						<String ID="P1_ST00034" HPOS="3288" VPOS="7413" WIDTH="387" HEIGHT="246" CONTENT="pak" WC="0.98" CC="040"/>
						<SP ID="P1_SP00026" HPOS="3676" VPOS="7658" WIDTH="161"/>
						<String ID="P1_ST00035" HPOS="3836" VPOS="7413" WIDTH="694" HEIGHT="250" CONTENT="napsal" WC="0.99" CC="700000"/>
						<SP ID="P1_SP00027" HPOS="4531" VPOS="7663" WIDTH="170"/>
						<String ID="P1_ST00036" HPOS="4701" VPOS="7479" WIDTH="406" HEIGHT="180" CONTENT="mu," WC="0.94" CC="942"/>
						<SP ID="P1_SP00028" HPOS="5107" VPOS="7663" WIDTH="161"/>
						<String ID="P1_ST00037" HPOS="5268" VPOS="7483" WIDTH="123" HEIGHT="132" CONTENT="v" WC="1.00" CC="0"/>
						<SP ID="P1_SP00029" HPOS="5391" VPOS="7663" WIDTH="151"/>
						<String ID="P1_ST00038" HPOS="5542" VPOS="7422" WIDTH="1332" HEIGHT="208" CONTENT="soukromém" WC="1.00" CC="025000000"/>
						<SP ID="P1_SP00030" HPOS="6874" VPOS="7663" WIDTH="137"/>
						<String ID="P1_ST00039" HPOS="7011" VPOS="7436" WIDTH="784" HEIGHT="250" CONTENT="dopise," WC="1.00" CC="0202003"/>
					</TextLine>
					<TextLine ID="P1_TL00010" HPOS="1313" VPOS="7748" WIDTH="6477" HEIGHT="270">
						<String ID="P1_ST00040" HPOS="1313" VPOS="7748" WIDTH="595" HEIGHT="241" CONTENT="první" WC="0.99" CC="03060"/>
						<SP ID="P1_SP00031" HPOS="1909" VPOS="7989" WIDTH="151"/>
						<String ID="P1_ST00041" HPOS="2060" VPOS="7748" WIDTH="713" HEIGHT="198" CONTENT="kritiku" WC="1.00" CC="0004000"/>
						<SP ID="P1_SP00032" HPOS="2773" VPOS="7989" WIDTH="161"/>
						<String ID="P1_ST00042" HPOS="2934" VPOS="7748" WIDTH="411" HEIGHT="250" CONTENT="(30." WC="0.92" CC="3000"/>
						<SP ID="P1_SP00033" HPOS="3345" VPOS="7998" WIDTH="161"/>
						<String ID="P1_ST00043" HPOS="3506" VPOS="7753" WIDTH="746" HEIGHT="198" CONTENT="března" WC="0.99" CC="000530"/>
						<SP ID="P1_SP00034" HPOS="4252" VPOS="7998" WIDTH="184"/>
						<String ID="P1_ST00044" HPOS="4436" VPOS="7753" WIDTH="671" HEIGHT="265" CONTENT="1848)." WC="0.82" CC="700200"/>
						<SP ID="P1_SP00035" HPOS="5107" VPOS="8017" WIDTH="175"/>
						<String ID="P1_ST00045" HPOS="5282" VPOS="7753" WIDTH="794" HEIGHT="213" CONTENT="Lisztův" WC="0.88" CC="0300210"/>
						<SP ID="P1_SP00036" HPOS="6076" VPOS="8017" WIDTH="146"/>
						<String ID="P1_ST00046" HPOS="6222" VPOS="7772" WIDTH="789" HEIGHT="198" CONTENT="úsudek" WC="0.99" CC="801000"/>
						<SP ID="P1_SP00037" HPOS="7011" VPOS="8017" WIDTH="184"/>
						<String ID="P1_ST00047" HPOS="7195" VPOS="7786" WIDTH="595" HEIGHT="189" CONTENT="musil" WC="0.98" CC="90200"/>
					</TextLine>
					<TextLine ID="P1_TL00011" HPOS="1309" VPOS="8083" WIDTH="4871" HEIGHT="223">
						<String ID="P1_ST00048" HPOS="1309" VPOS="8083" WIDTH="713" HEIGHT="198" CONTENT="ovšem" WC="1.00" CC="00003"/>
						<SP ID="P1_SP00038" HPOS="2022" VPOS="8282" WIDTH="175"/>
						<String ID="P1_ST00049" HPOS="2197" VPOS="8088" WIDTH="950" HEIGHT="198" CONTENT="mladého" WC="1.00" CC="0500000"/>
						<SP ID="P1_SP00039" HPOS="3146" VPOS="8287" WIDTH="156"/>
						<String ID="P1_ST00050" HPOS="3302" VPOS="8088" WIDTH="959" HEIGHT="208" CONTENT="Smetanu" WC="0.99" CC="0500560"/>
						<SP ID="P1_SP00040" HPOS="4261" VPOS="8296" WIDTH="161"/>
						<String ID="P1_ST00051" HPOS="4422" VPOS="8102" WIDTH="439" HEIGHT="198" CONTENT="více" WC="0.99" CC="0401"/>
						<SP ID="P1_SP00041" HPOS="4861" VPOS="8301" WIDTH="161"/>
						<String ID="P1_ST00052" HPOS="5022" VPOS="8117" WIDTH="373" HEIGHT="189" CONTENT="než" WC="0.99" CC="030"/>
						<SP ID="P1_SP00042" HPOS="5395" VPOS="8306" WIDTH="151"/>
						<String ID="P1_ST00053" HPOS="5546" VPOS="8107" WIDTH="633" HEIGHT="198" CONTENT="těšiti:" WC="0.90" CC="0300200"/>
					</TextLine>
					<TextLine ID="P1_TL00012" HPOS="1885" VPOS="8466" WIDTH="5901" HEIGHT="236">
						<String ID="P1_ST00054" HPOS="1885" VPOS="8466" WIDTH="383" HEIGHT="184" CONTENT="Vor" WC="0.98" CC="030" STYLEREFS="TXT_5"/>
						<SP ID="P1_SP00043" HPOS="2268" VPOS="8650" WIDTH="132"/>
						<String ID="P1_ST00055" HPOS="2400" VPOS="8476" WIDTH="548" HEIGHT="180" CONTENT="allem" WC="0.90" CC="40000" STYLEREFS="TXT_5"/>
						<SP ID="P1_SP00044" HPOS="2948" VPOS="8655" WIDTH="175"/>
						<String ID="P1_ST00056" HPOS="3123" VPOS="8480" WIDTH="780" HEIGHT="222" CONTENT="spreche" WC="0.81" CC="0500070" STYLEREFS="TXT_5"/>
						<SP ID="P1_SP00045" HPOS="3902" VPOS="8702" WIDTH="161"/>
						<String ID="P1_ST00057" HPOS="4063" VPOS="8485" WIDTH="288" HEIGHT="175" CONTENT="ich" WC="1.00" CC="000" STYLEREFS="TXT_5"/>
						<SP ID="P1_SP00046" HPOS="4351" VPOS="8702" WIDTH="180"/>
						<String ID="P1_ST00058" HPOS="4531" VPOS="8485" WIDTH="576" HEIGHT="180" CONTENT="Ihnen" WC="0.75" CC="07103" STYLEREFS="TXT_5"/>
						<SP ID="P1_SP00047" HPOS="5107" VPOS="8702" WIDTH="198"/>
						<String ID="P1_ST00059" HPOS="5306" VPOS="8499" WIDTH="737" HEIGHT="175" CONTENT="meinen" WC="0.86" CC="000204" STYLEREFS="TXT_5"/>
						<SP ID="P1_SP00048" HPOS="6043" VPOS="8702" WIDTH="170"/>
						<String ID="P1_ST00060" HPOS="6213" VPOS="8504" WIDTH="1573" HEIGHT="184" CONTENT="verbindlichsten" WC="0.81" CC="500060600000232" STYLEREFS="TXT_5"/>
					</TextLine>
					<TextLine ID="P1_TL00013" HPOS="1309" VPOS="8745" WIDTH="6482" HEIGHT="274">
						<String ID="P1_ST00061" HPOS="1309" VPOS="8745" WIDTH="543" HEIGHT="180" CONTENT="Dank" WC="0.82" CC="0150" STYLEREFS="TXT_5"/>
						<SP ID="P1_SP00049" HPOS="1852" VPOS="8924" WIDTH="76"/>
						<String ID="P1_ST00062" HPOS="1928" VPOS="8750" WIDTH="293" HEIGHT="180" CONTENT="fur" WC="0.98" CC="000" STYLEREFS="TXT_5"/>
						<SP ID="P1_SP00050" HPOS="2220" VPOS="8929" WIDTH="85"/>
						<String ID="P1_ST00063" HPOS="2306" VPOS="8754" WIDTH="302" HEIGHT="184" CONTENT="die" WC="0.61" CC="460" STYLEREFS="TXT_5"/>
						<SP ID="P1_SP00051" HPOS="2608" VPOS="8939" WIDTH="99"/>
						<String ID="P1_ST00064" HPOS="2707" VPOS="8754" WIDTH="1115" HEIGHT="184" CONTENT="Dedication" WC="0.86" CC="0000080202" STYLEREFS="TXT_5"/>
						<SP ID="P1_SP00052" HPOS="3822" VPOS="8939" WIDTH="85"/>
						<String ID="P1_ST00065" HPOS="3907" VPOS="8816" WIDTH="345" HEIGHT="128" CONTENT="aus" WC="0.88" CC="030" STYLEREFS="TXT_5"/>
						<SP ID="P1_SP00053" HPOS="4252" VPOS="8943" WIDTH="80"/>
						<String ID="P1_ST00066" HPOS="4332" VPOS="8773" WIDTH="392" HEIGHT="175" CONTENT="und" WC="0.58" CC="570" STYLEREFS="TXT_5"/>
						<SP ID="P1_SP00054" HPOS="4724" VPOS="8948" WIDTH="94"/>
						<String ID="P1_ST00067" HPOS="4819" VPOS="8773" WIDTH="685" HEIGHT="180" CONTENT="nehrne" WC="0.97" CC="307880" STYLEREFS="TXT_5"/>
						<SP ID="P1_SP00055" HPOS="5504" VPOS="8953" WIDTH="94"/>
						<String ID="P1_ST00068" HPOS="5598" VPOS="8778" WIDTH="269" HEIGHT="184" CONTENT="sie" WC="0.93" CC="020" STYLEREFS="TXT_5"/>
						<SP ID="P1_SP00056" HPOS="5868" VPOS="8962" WIDTH="104"/>
						<String ID="P1_ST00069" HPOS="5972" VPOS="8787" WIDTH="326" HEIGHT="175" CONTENT="rnit" WC="0.46" CC="8850" STYLEREFS="TXT_5"/>
						<SP ID="P1_SP00057" HPOS="6298" VPOS="8962" WIDTH="104"/>
						<String ID="P1_ST00070" HPOS="6402" VPOS="8839" WIDTH="222" HEIGHT="128" CONTENT="so" WC="1.00" CC="00" STYLEREFS="TXT_5"/>
						<SP ID="P1_SP00058" HPOS="6624" VPOS="8967" WIDTH="90"/>
						<String ID="P1_ST00071" HPOS="6713" VPOS="8797" WIDTH="1077" HEIGHT="222" CONTENT="grósserem" WC="0.78" CC="627000002" STYLEREFS="TXT_5"/>
					</TextLine>
					<TextLine ID="P1_TL00014" HPOS="1299" VPOS="9033" WIDTH="6472" HEIGHT="269">
						<String ID="P1_ST00072" HPOS="1299" VPOS="9033" WIDTH="1139" HEIGHT="227" CONTENT="Vergniigen" WC="0.57" CC="1006676706" STYLEREFS="TXT_5"/>
						<SP ID="P1_SP00059" HPOS="2438" VPOS="9260" WIDTH="104"/>
						<String ID="P1_ST00073" HPOS="2542" VPOS="9099" WIDTH="293" HEIGHT="161" CONTENT="an," WC="0.73" CC="052" STYLEREFS="TXT_5"/>
						<SP ID="P1_SP00060" HPOS="2835" VPOS="9260" WIDTH="90"/>
						<String ID="P1_ST00074" HPOS="2924" VPOS="9052" WIDTH="269" HEIGHT="170" CONTENT="ais" WC="1.00" CC="000" STYLEREFS="TXT_5"/>
						<SP ID="P1_SP00061" HPOS="3194" VPOS="9260" WIDTH="90"/>
						<String ID="P1_ST00075" HPOS="3283" VPOS="9043" WIDTH="307" HEIGHT="180" CONTENT="die" WC="1.00" CC="000" STYLEREFS="TXT_5"/>
						<SP ID="P1_SP00062" HPOS="3591" VPOS="9260" WIDTH="90"/>
						<String ID="P1_ST00076" HPOS="3680" VPOS="9052" WIDTH="661" HEIGHT="180" CONTENT="Stiicke" WC="0.66" CC="0577200" STYLEREFS="TXT_5"/>
						<SP ID="P1_SP00063" HPOS="4342" VPOS="9260" WIDTH="94"/>
						<String ID="P1_ST00077" HPOS="4436" VPOS="9057" WIDTH="822" HEIGHT="180" CONTENT="wirklich" WC="0.86" CC="00070030" STYLEREFS="TXT_5"/>
						<SP ID="P1_SP00064" HPOS="5258" VPOS="9260" WIDTH="118"/>
						<String ID="P1_ST00078" HPOS="5376" VPOS="9118" WIDTH="231" HEIGHT="123" CONTENT="zu" WC="0.56" CC="44" STYLEREFS="TXT_5"/>
						<SP ID="P1_SP00065" HPOS="5608" VPOS="9260" WIDTH="90"/>
						<String ID="P1_ST00079" HPOS="5698" VPOS="9066" WIDTH="364" HEIGHT="184" CONTENT="den" WC="0.98" CC="022" STYLEREFS="TXT_5"/>
						<SP ID="P1_SP00066" HPOS="6061" VPOS="9260" WIDTH="132"/>
						<String ID="P1_ST00080" HPOS="6194" VPOS="9128" WIDTH="274" HEIGHT="123" CONTENT="au" WC="1.00" CC="00" STYLEREFS="TXT_5"/>
						<SP ID="P1_SP00067" HPOS="6468" VPOS="9260" WIDTH="80"/>
						<String ID="P1_ST00081" HPOS="6548" VPOS="9085" WIDTH="978" HEIGHT="217" CONTENT="sgezeic" WC="0.91" CC="0002030" STYLEREFS="TXT_5"/>
						<String ID="P1_ST00082" HPOS="7578" VPOS="9080" WIDTH="132" HEIGHT="180" CONTENT="li" SUBS_TYPE="HypPart1" SUBS_CONTENT="line" WC="0.96" CC="07" STYLEREFS="TXT_5"/>
						<HYP HPOS="7710" VPOS="9080" WIDTH="61" CONTENT="-"/>
					</TextLine>
					<TextLine ID="P1_TL00015" HPOS="1309" VPOS="9326" WIDTH="6477" HEIGHT="265">
						<String ID="P1_ST00083" HPOS="1309" VPOS="9369" WIDTH="269" HEIGHT="128" CONTENT="ne" SUBS_TYPE="HypPart2" SUBS_CONTENT="line" WC="0.96" CC="00" STYLEREFS="TXT_5"/>
						<SP ID="P1_SP00068" HPOS="1578" VPOS="9496" WIDTH="52"/>
						<String ID="P1_ST00084" HPOS="1630" VPOS="9326" WIDTH="704" HEIGHT="217" CONTENT="tsten," WC="0.87" CC="000051" STYLEREFS="TXT_5"/>
						<SP ID="P1_SP00069" HPOS="2334" VPOS="9543" WIDTH="189"/>
						<String ID="P1_ST00085" HPOS="2523" VPOS="9331" WIDTH="586" HEIGHT="175" CONTENT="schón" WC="0.85" CC="00070" STYLEREFS="TXT_5"/>
						<SP ID="P1_SP00070" HPOS="3109" VPOS="9543" WIDTH="194"/>
						<String ID="P1_ST00086" HPOS="3302" VPOS="9340" WIDTH="1417" HEIGHT="222" CONTENT="empfundenen" WC="0.71" CC="45940000502" STYLEREFS="TXT_5"/>
						<SP ID="P1_SP00071" HPOS="4720" VPOS="9562" WIDTH="165"/>
						<String ID="P1_ST00087" HPOS="4885" VPOS="9345" WIDTH="392" HEIGHT="180" CONTENT="und" WC="0.76" CC="070" STYLEREFS="TXT_5"/>
						<SP ID="P1_SP00072" HPOS="5277" VPOS="9562" WIDTH="156"/>
						<String ID="P1_ST00088" HPOS="5433" VPOS="9350" WIDTH="557" HEIGHT="180" CONTENT="feinst" WC="0.96" CC="100000" STYLEREFS="TXT_5"/>
						<SP ID="P1_SP00073" HPOS="5991" VPOS="9562" WIDTH="156"/>
						<String ID="P1_ST00089" HPOS="6146" VPOS="9364" WIDTH="1639" HEIGHT="227" CONTENT="ausgearbeiteten" WC="0.81" CC="900006300040102" STYLEREFS="TXT_5"/>
					</TextLine>
					<TextLine ID="P1_TL00016" HPOS="1290" VPOS="9609" WIDTH="6038" HEIGHT="256">
						<String ID="P1_ST00090" HPOS="1290" VPOS="9609" WIDTH="902" HEIGHT="213" CONTENT="gehóren," WC="0.88" CC="00070001" STYLEREFS="TXT_5"/>
						<SP ID="P1_SP00074" HPOS="2192" VPOS="9822" WIDTH="132"/>
						<String ID="P1_ST00091" HPOS="2324" VPOS="9614" WIDTH="709" HEIGHT="180" CONTENT="welche" WC="1.00" CC="000000" STYLEREFS="TXT_5"/>
						<SP ID="P1_SP00075" HPOS="3033" VPOS="9822" WIDTH="132"/>
						<String ID="P1_ST00092" HPOS="3165" VPOS="9619" WIDTH="340" HEIGHT="180" CONTENT="mír" WC="0.98" CC="400" STYLEREFS="TXT_5"/>
						<SP ID="P1_SP00076" HPOS="3506" VPOS="9822" WIDTH="128"/>
						<String ID="P1_ST00093" HPOS="3633" VPOS="9619" WIDTH="180" HEIGHT="180" CONTENT="in" WC="0.87" CC="02" STYLEREFS="TXT_5"/>
						<SP ID="P1_SP00077" HPOS="3813" VPOS="9822" WIDTH="132"/>
						<String ID="P1_ST00094" HPOS="3945" VPOS="9619" WIDTH="633" HEIGHT="189" CONTENT="letzter" WC="0.85" CC="3004300" STYLEREFS="TXT_5"/>
						<SP ID="P1_SP00078" HPOS="4578" VPOS="9822" WIDTH="123"/>
						<String ID="P1_ST00095" HPOS="4701" VPOS="9633" WIDTH="411" HEIGHT="180" CONTENT="Zeit" WC="0.94" CC="0020" STYLEREFS="TXT_5"/>
						<SP ID="P1_SP00079" HPOS="5112" VPOS="9822" WIDTH="123"/>
						<String ID="P1_ST00096" HPOS="5235" VPOS="9643" WIDTH="1488" HEIGHT="222" CONTENT="vorgekommen" WC="0.92" CC="20000000006" STYLEREFS="TXT_5"/>
						<SP ID="P1_SP00080" HPOS="6723" VPOS="9865" WIDTH="123"/>
						<String ID="P1_ST00097" HPOS="6846" VPOS="9652" WIDTH="482" HEIGHT="184" CONTENT="sind." WC="0.95" CC="02000" STYLEREFS="TXT_5"/>
					</TextLine>
					<TextLine ID="P1_TL00017" HPOS="1843" VPOS="9969" WIDTH="5934" HEIGHT="298">
						<String ID="P1_ST00098" HPOS="1843" VPOS="9969" WIDTH="354" HEIGHT="250" CONTENT="Jen" WC="0.96" CC="406"/>
						<SP ID="P1_SP00081" HPOS="2197" VPOS="10219" WIDTH="170"/>
						<String ID="P1_ST00099" HPOS="2367" VPOS="9973" WIDTH="699" HEIGHT="198" CONTENT="navrhl" WC="1.00" CC="100300"/>
						<SP ID="P1_SP00082" HPOS="3066" VPOS="10219" WIDTH="170"/>
						<String ID="P1_ST00100" HPOS="3236" VPOS="10039" WIDTH="350" HEIGHT="137" CONTENT="mu" WC="0.48" CC="82"/>
						<SP ID="P1_SP00083" HPOS="3586" VPOS="10219" WIDTH="118"/>
						<String ID="P1_ST00101" HPOS="3704" VPOS="9987" WIDTH="515" HEIGHT="198" CONTENT="Liszt" WC="0.96" CC="10000"/>
						<SP ID="P1_SP00084" HPOS="4219" VPOS="10219" WIDTH="109"/>
						<String ID="P1_ST00102" HPOS="4328" VPOS="9987" WIDTH="732" HEIGHT="203" CONTENT="změnu" WC="0.99" CC="25002"/>
						<SP ID="P1_SP00085" HPOS="5060" VPOS="10219" WIDTH="118"/>
						<String ID="P1_ST00103" HPOS="5178" VPOS="10058" WIDTH="118" HEIGHT="132" CONTENT="v" WC="1.00" CC="0"/>
						<SP ID="P1_SP00086" HPOS="5296" VPOS="10219" WIDTH="99"/>
						<String ID="P1_ST00104" HPOS="5395" VPOS="9997" WIDTH="595" HEIGHT="203" CONTENT="titulu" WC="0.99" CC="207100"/>
						<SP ID="P1_SP00087" HPOS="5991" VPOS="10219" WIDTH="118"/>
						<String ID="P1_ST00105" HPOS="6109" VPOS="10011" WIDTH="595" HEIGHT="246" CONTENT="první" WC="1.00" CC="00000"/>
						<SP ID="P1_SP00088" HPOS="6704" VPOS="10257" WIDTH="104"/>
						<String ID="P1_ST00106" HPOS="6808" VPOS="10006" WIDTH="969" HEIGHT="260" CONTENT="skladby:" WC="0.99" CC="00340025"/>
					</TextLine>
					<TextLine ID="P1_TL00018" HPOS="1299" VPOS="10318" WIDTH="6487" HEIGHT="269">
						<String ID="P1_ST00107" HPOS="1299" VPOS="10323" WIDTH="605" HEIGHT="194" CONTENT="místo" WC="0.99" CC="00004"/>
						<SP ID="P1_SP00089" HPOS="1904" VPOS="10517" WIDTH="175"/>
						<String ID="P1_ST00108" HPOS="2079" VPOS="10318" WIDTH="1153" HEIGHT="203" CONTENT="»Gretchen" WC="0.78" CC="580000202"/>
						<SP ID="P1_SP00090" HPOS="3231" VPOS="10521" WIDTH="165"/>
						<String ID="P1_ST00109" HPOS="3397" VPOS="10328" WIDTH="269" HEIGHT="194" CONTENT="im" WC="0.75" CC="04"/>
						<SP ID="P1_SP00091" HPOS="3666" VPOS="10521" WIDTH="175"/>
						<String ID="P1_ST00110" HPOS="3841" VPOS="10328" WIDTH="827" HEIGHT="203" CONTENT="Walde*" WC="0.69" CC="505007"/>
						<SP ID="P1_SP00092" HPOS="4668" VPOS="10531" WIDTH="132"/>
						<String ID="P1_ST00111" HPOS="4800" VPOS="10398" WIDTH="680" HEIGHT="189" CONTENT="pouze" WC="1.00" CC="00000"/>
						<SP ID="P1_SP00093" HPOS="5480" VPOS="10587" WIDTH="118"/>
						<String ID="P1_ST00112" HPOS="5598" VPOS="10351" WIDTH="416" HEIGHT="194" CONTENT="»Im" WC="0.87" CC="300"/>
						<SP ID="P1_SP00094" HPOS="6014" VPOS="10587" WIDTH="132"/>
						<String ID="P1_ST00113" HPOS="6146" VPOS="10351" WIDTH="912" HEIGHT="203" CONTENT="Walde«." WC="0.71" CC="9000153"/>
						<SP ID="P1_SP00095" HPOS="7058" VPOS="10587" WIDTH="161"/>
						<String ID="P1_ST00114" HPOS="7219" VPOS="10361" WIDTH="425" HEIGHT="194" CONTENT="Sme" SUBS_TYPE="HypPart1" SUBS_CONTENT="Smetana" WC="0.98" CC="090"/>
						<HYP HPOS="7644" VPOS="10361" WIDTH="142" CONTENT="-"/>
					</TextLine>
					<TextLine ID="P1_TL00019" HPOS="1290" VPOS="10658" WIDTH="6496" HEIGHT="289">
						<String ID="P1_ST00115" HPOS="1290" VPOS="10658" WIDTH="454" HEIGHT="194" CONTENT="tana" SUBS_TYPE="HypPart2" SUBS_CONTENT="Smetana" WC="0.98" CC="6120"/>
						<SP ID="P1_SP00096" HPOS="1743" VPOS="10852" WIDTH="156"/>
						<String ID="P1_ST00116" HPOS="1899" VPOS="10658" WIDTH="298" HEIGHT="250" CONTENT="při" WC="0.98" CC="004"/>
						<SP ID="P1_SP00097" HPOS="2197" VPOS="10909" WIDTH="156"/>
						<String ID="P1_ST00117" HPOS="2353" VPOS="10658" WIDTH="751" HEIGHT="250" CONTENT="vydání" WC="1.00" CC="000030"/>
						<SP ID="P1_SP00098" HPOS="3104" VPOS="10909" WIDTH="156"/>
						<String ID="P1_ST00118" HPOS="3260" VPOS="10663" WIDTH="416" HEIGHT="198" CONTENT="této" WC="0.98" CC="7000"/>
						<SP ID="P1_SP00099" HPOS="3676" VPOS="10909" WIDTH="146"/>
						<String ID="P1_ST00119" HPOS="3822" VPOS="10663" WIDTH="860" HEIGHT="265" CONTENT="skladby" WC="1.00" CC="0020000"/>
						<SP ID="P1_SP00100" HPOS="4682" VPOS="10928" WIDTH="142"/>
						<String ID="P1_ST00120" HPOS="4824" VPOS="10677" WIDTH="728" HEIGHT="198" CONTENT="tiskem" WC="1.00" CC="000000"/>
						<SP ID="P1_SP00101" HPOS="5551" VPOS="10928" WIDTH="161"/>
						<String ID="P1_ST00121" HPOS="5712" VPOS="10687" WIDTH="912" HEIGHT="246" CONTENT="poslechl" WC="1.00" CC="00050003"/>
						<SP ID="P1_SP00102" HPOS="6624" VPOS="10932" WIDTH="217"/>
						<String ID="P1_ST00122" HPOS="6841" VPOS="10687" WIDTH="945" HEIGHT="260" CONTENT="Lisztovy" WC="0.91" CC="06000000"/>
					</TextLine>
					<TextLine ID="P1_TL00020" HPOS="1299" VPOS="10994" WIDTH="6473" HEIGHT="288">
						<String ID="P1_ST00123" HPOS="1299" VPOS="10994" WIDTH="543" HEIGHT="260" CONTENT="rady," WC="1.00" CC="00001"/>
						<SP ID="P1_SP00103" HPOS="1843" VPOS="11254" WIDTH="151"/>
						<String ID="P1_ST00124" HPOS="1994" VPOS="10998" WIDTH="236" HEIGHT="198" CONTENT="ač" WC="0.81" CC="30"/>
						<SP ID="P1_SP00104" HPOS="2230" VPOS="11254" WIDTH="156"/>
						<String ID="P1_ST00125" HPOS="2386" VPOS="10998" WIDTH="345" HEIGHT="198" CONTENT="tím" WC="1.00" CC="000"/>
						<SP ID="P1_SP00105" HPOS="2731" VPOS="11254" WIDTH="165"/>
						<String ID="P1_ST00126" HPOS="2896" VPOS="11008" WIDTH="836" HEIGHT="198" CONTENT="skladba" WC="1.00" CC="0000000"/>
						<SP ID="P1_SP00106" HPOS="3732" VPOS="11254" WIDTH="156"/>
						<String ID="P1_ST00127" HPOS="3888" VPOS="11013" WIDTH="765" HEIGHT="198" CONTENT="ztratila" WC="1.00" CC="02000004"/>
						<SP ID="P1_SP00107" HPOS="4654" VPOS="11254" WIDTH="198"/>
						<String ID="P1_ST00128" HPOS="4852" VPOS="11079" WIDTH="520" HEIGHT="137" CONTENT="svou" WC="1.00" CC="0000"/>
						<SP ID="P1_SP00108" HPOS="5372" VPOS="11254" WIDTH="217"/>
						<String ID="P1_ST00129" HPOS="5589" VPOS="11022" WIDTH="1313" HEIGHT="208" CONTENT="konkrétnost" WC="1.00" CC="60300003400"/>
						<SP ID="P1_SP00109" HPOS="6902" VPOS="11254" WIDTH="203"/>
						<String ID="P1_ST00130" HPOS="7106" VPOS="11088" WIDTH="109" HEIGHT="142" CONTENT="a" WC="0.32" CC="6"/>
						<SP ID="P1_SP00110" HPOS="7214" VPOS="11254" WIDTH="161"/>
						<String ID="P1_ST00131" HPOS="7375" VPOS="11036" WIDTH="354" HEIGHT="246" CONTENT="při" SUBS_TYPE="HypPart1" SUBS_CONTENT="přiklonila" WC="1.00" CC="000"/>
						<HYP HPOS="7729" VPOS="11036" WIDTH="43" CONTENT="-"/>
					</TextLine>
					<TextLine ID="P1_TL00021" HPOS="1290" VPOS="11339" WIDTH="6458" HEIGHT="293">
						<String ID="P1_ST00132" HPOS="1290" VPOS="11339" WIDTH="756" HEIGHT="194" CONTENT="klonila" SUBS_TYPE="HypPart2" SUBS_CONTENT="přiklonila" WC="0.99" CC="0733000"/>
						<SP ID="P1_SP00111" HPOS="2046" VPOS="11532" WIDTH="151"/>
						<String ID="P1_ST00133" HPOS="2197" VPOS="11395" WIDTH="217" HEIGHT="137" CONTENT="se" WC="1.00" CC="00"/>
						<SP ID="P1_SP00112" HPOS="2414" VPOS="11532" WIDTH="142"/>
						<String ID="P1_ST00134" HPOS="2556" VPOS="11343" WIDTH="657" HEIGHT="250" CONTENT="aspoň" WC="1.00" CC="00000"/>
						<SP ID="P1_SP00113" HPOS="3213" VPOS="11594" WIDTH="156"/>
						<String ID="P1_ST00135" HPOS="3369" VPOS="11343" WIDTH="775" HEIGHT="203" CONTENT="titulem" WC="1.00" CC="0000100"/>
						<SP ID="P1_SP00114" HPOS="4143" VPOS="11594" WIDTH="165"/>
						<String ID="P1_ST00136" HPOS="4309" VPOS="11353" WIDTH="425" HEIGHT="198" CONTENT="více" WC="1.00" CC="0000"/>
						<SP ID="P1_SP00115" HPOS="4734" VPOS="11594" WIDTH="265"/>
						<String ID="P1_ST00137" HPOS="4998" VPOS="11353" WIDTH="113" HEIGHT="198" CONTENT="k" WC="1.00" CC="0"/>
						<SP ID="P1_SP00116" HPOS="5112" VPOS="11594" WIDTH="288"/>
						<String ID="P1_ST00138" HPOS="5400" VPOS="11353" WIDTH="1861" HEIGHT="279" CONTENT="Schumannovsky" WC="0.88" CC="0030170020000"/>
						<SP ID="P1_SP00117" HPOS="7261" VPOS="11631" WIDTH="146"/>
						<String ID="P1_ST00139" HPOS="7408" VPOS="11376" WIDTH="227" HEIGHT="198" CONTENT="ab" SUBS_TYPE="HypPart1" SUBS_CONTENT="abstraktnímu" WC="0.98" CC="00"/>
						<HYP HPOS="7635" VPOS="11376" WIDTH="113" CONTENT="-"/>
					</TextLine>
					<TextLine ID="P1_TL00022" HPOS="1280" VPOS="11683" WIDTH="6496" HEIGHT="284">
						<String ID="P1_ST00140" HPOS="1280" VPOS="11683" WIDTH="1176" HEIGHT="198" CONTENT="straktnímu" SUBS_TYPE="HypPart2" SUBS_CONTENT="abstraktnímu" WC="1.00" CC="0000050000"/>
						<SP ID="P1_SP00118" HPOS="2457" VPOS="11882" WIDTH="165"/>
						<String ID="P1_ST00141" HPOS="2622" VPOS="11740" WIDTH="1167" HEIGHT="203" CONTENT="programu." WC="0.99" CC="040700002"/>
						<SP ID="P1_SP00119" HPOS="3789" VPOS="11943" WIDTH="156"/>
						<String ID="P1_ST00142" HPOS="3945" VPOS="11698" WIDTH="539" HEIGHT="198" CONTENT="Také" WC="0.99" CC="3000"/>
						<SP ID="P1_SP00120" HPOS="4483" VPOS="11943" WIDTH="109"/>
						<String ID="P1_ST00143" HPOS="4592" VPOS="11754" WIDTH="128" HEIGHT="142" CONTENT="o" WC="0.83" CC="1"/>
						<SP ID="P1_SP00121" HPOS="4720" VPOS="11943" WIDTH="113"/>
						<String ID="P1_ST00144" HPOS="4833" VPOS="11698" WIDTH="850" HEIGHT="208" CONTENT="druhém" WC="0.98" CC="050038"/>
						<SP ID="P1_SP00122" HPOS="5683" VPOS="11943" WIDTH="184"/>
						<String ID="P1_ST00145" HPOS="5868" VPOS="11764" WIDTH="680" HEIGHT="198" CONTENT="opusu" WC="0.99" CC="30500"/>
						<SP ID="P1_SP00123" HPOS="6548" VPOS="11962" WIDTH="142"/>
						<String ID="P1_ST00146" HPOS="6690" VPOS="11717" WIDTH="420" HEIGHT="250" CONTENT="psal" WC="0.97" CC="0920"/>
						<SP ID="P1_SP00124" HPOS="7110" VPOS="11967" WIDTH="151"/>
						<String ID="P1_ST00147" HPOS="7261" VPOS="11717" WIDTH="515" HEIGHT="203" CONTENT="Liszt" WC="0.89" CC="20200"/>
					</TextLine>
					<TextLine ID="P1_TL00023" HPOS="1285" VPOS="12028" WIDTH="3501" HEIGHT="270">
						<String ID="P1_ST00148" HPOS="1285" VPOS="12028" WIDTH="1157" HEIGHT="194" CONTENT="Smetanovi" WC="1.00" CC="000000000"/>
						<SP ID="P1_SP00125" HPOS="2443" VPOS="12222" WIDTH="165"/>
						<String ID="P1_ST00149" HPOS="2608" VPOS="12028" WIDTH="406" HEIGHT="250" CONTENT="(12." WC="0.85" CC="5000"/>
						<SP ID="P1_SP00126" HPOS="3014" VPOS="12279" WIDTH="156"/>
						<String ID="P1_ST00150" HPOS="3170" VPOS="12033" WIDTH="704" HEIGHT="198" CONTENT="dubna" WC="1.00" CC="00020"/>
						<SP ID="P1_SP00127" HPOS="3874" VPOS="12279" WIDTH="180"/>
						<String ID="P1_ST00151" HPOS="4054" VPOS="12043" WIDTH="732" HEIGHT="255" CONTENT="1854):" WC="0.82" CC="302003"/>
					</TextLine>
					<TextLine ID="P1_TL00024" HPOS="1843" VPOS="12411" WIDTH="5901" HEIGHT="265">
						<String ID="P1_ST00152" HPOS="1843" VPOS="12411" WIDTH="402" HEIGHT="180" CONTENT="Ihre" WC="0.75" CC="2700" STYLEREFS="TXT_5"/>
						<SP ID="P1_SP00128" HPOS="2244" VPOS="12591" WIDTH="128"/>
						<String ID="P1_ST00153" HPOS="2372" VPOS="12411" WIDTH="2594" HEIGHT="198" CONTENT="Staminbuch-Blátter" WC="0.79" CC="000556000600570000" STYLEREFS="TXT_5"/>
						<SP ID="P1_SP00129" HPOS="4965" VPOS="12609" WIDTH="165"/>
						<String ID="P1_ST00154" HPOS="5131" VPOS="12439" WIDTH="1091" HEIGHT="175" CONTENT="erschienen" WC="0.88" CC="0000240004" STYLEREFS="TXT_5"/>
						<SP ID="P1_SP00130" HPOS="6222" VPOS="12614" WIDTH="175"/>
						<String ID="P1_ST00155" HPOS="6397" VPOS="12454" WIDTH="335" HEIGHT="165" CONTENT="miř" WC="0.99" CC="002" STYLEREFS="TXT_5"/>
						<SP ID="P1_SP00131" HPOS="6732" VPOS="12619" WIDTH="170"/>
						<String ID="P1_ST00156" HPOS="6902" VPOS="12444" WIDTH="841" HEIGHT="231" CONTENT="sogleich" WC="1.00" CC="00000000" STYLEREFS="TXT_5"/>
					</TextLine>
					<TextLine ID="P1_TL00025" HPOS="1280" VPOS="12694" WIDTH="6454" HEIGHT="270">
						<String ID="P1_ST00157" HPOS="1280" VPOS="12694" WIDTH="269" HEIGHT="170" CONTENT="ais" WC="0.98" CC="040" STYLEREFS="TXT_5"/>
						<SP ID="P1_SP00132" HPOS="1550" VPOS="12865" WIDTH="128"/>
						<String ID="P1_ST00158" HPOS="1677" VPOS="12694" WIDTH="298" HEIGHT="180" CONTENT="ein" WC="0.79" CC="006" STYLEREFS="TXT_5"/>
						<SP ID="P1_SP00133" HPOS="1975" VPOS="12874" WIDTH="66"/>
						<String ID="P1_ST00159" HPOS="2041" VPOS="12699" WIDTH="624" HEIGHT="222" CONTENT="Werk," WC="0.91" CC="40000" STYLEREFS="TXT_5"/>
						<SP ID="P1_SP00134" HPOS="2665" VPOS="12921" WIDTH="90"/>
						<String ID="P1_ST00160" HPOS="2754" VPOS="12699" WIDTH="822" HEIGHT="180" CONTENT="welches" WC="0.92" CC="0050000" STYLEREFS="TXT_5"/>
						<SP ID="P1_SP00135" HPOS="3576" VPOS="12921" WIDTH="76"/>
						<String ID="P1_ST00161" HPOS="3652" VPOS="12704" WIDTH="387" HEIGHT="180" CONTENT="sich" WC="0.71" CC="0407" STYLEREFS="TXT_5"/>
						<SP ID="P1_SP00136" HPOS="4039" VPOS="12921" WIDTH="94"/>
						<String ID="P1_ST00162" HPOS="4134" VPOS="12704" WIDTH="369" HEIGHT="180" CONTENT="den" WC="0.97" CC="007" STYLEREFS="TXT_5"/>
						<SP ID="P1_SP00137" HPOS="4502" VPOS="12921" WIDTH="76"/>
						<String ID="P1_ST00163" HPOS="4578" VPOS="12723" WIDTH="1701" HEIGHT="222" CONTENT="ausgezeichneten" WC="0.80" CC="400000050450207" STYLEREFS="TXT_5"/>
						<SP ID="P1_SP00138" HPOS="6279" VPOS="12945" WIDTH="85"/>
						<String ID="P1_ST00164" HPOS="6364" VPOS="12728" WIDTH="1370" HEIGHT="236" CONTENT="Erzeugnissen" WC="0.76" CC="403010730007" STYLEREFS="TXT_5"/>
					</TextLine>
					<TextLine ID="P1_TL00026" HPOS="1280" VPOS="12973" WIDTH="6477" HEIGHT="270">
						<String ID="P1_ST00165" HPOS="1280" VPOS="12973" WIDTH="180" HEIGHT="175" CONTENT="in" WC="0.65" CC="07" STYLEREFS="TXT_5"/>
						<SP ID="P1_SP00139" HPOS="1460" VPOS="13148" WIDTH="104"/>
						<String ID="P1_ST00166" HPOS="1564" VPOS="12973" WIDTH="624" HEIGHT="180" CONTENT="dieser" WC="0.90" CC="050000" STYLEREFS="TXT_5"/>
						<SP ID="P1_SP00140" HPOS="2187" VPOS="13153" WIDTH="90"/>
						<String ID="P1_ST00167" HPOS="2277" VPOS="12978" WIDTH="855" HEIGHT="231" CONTENT="Gattung" WC="0.72" CC="1530440" STYLEREFS="TXT_5"/>
						<SP ID="P1_SP00141" HPOS="3132" VPOS="13209" WIDTH="76"/>
						<String ID="P1_ST00168" HPOS="3208" VPOS="12987" WIDTH="780" HEIGHT="222" CONTENT="anreiht," WC="0.85" CC="30004040" STYLEREFS="TXT_5"/>
						<SP ID="P1_SP00142" HPOS="3987" VPOS="13209" WIDTH="80"/>
						<String ID="P1_ST00169" HPOS="4068" VPOS="12997" WIDTH="392" HEIGHT="175" CONTENT="und" WC="0.74" CC="070" STYLEREFS="TXT_5"/>
						<SP ID="P1_SP00143" HPOS="4460" VPOS="13209" WIDTH="90"/>
						<String ID="P1_ST00170" HPOS="4550" VPOS="12997" WIDTH="302" HEIGHT="180" CONTENT="bei" WC="0.72" CC="701" STYLEREFS="TXT_5"/>
						<SP ID="P1_SP00144" HPOS="4852" VPOS="13209" WIDTH="80"/>
						<String ID="P1_ST00171" HPOS="4932" VPOS="12997" WIDTH="1356" HEIGHT="241" CONTENT="abemialigem" WC="0.81" CC="30065100002" STYLEREFS="TXT_5"/>
						<SP ID="P1_SP00145" HPOS="6288" VPOS="13238" WIDTH="99"/>
						<String ID="P1_ST00172" HPOS="6387" VPOS="13016" WIDTH="1370" HEIGHT="227" CONTENT="Durchspielen" WC="0.88" CC="300000014004" STYLEREFS="TXT_5"/>
					</TextLine>
					<TextLine ID="P1_TL00027" HPOS="1276" VPOS="13261" WIDTH="6477" HEIGHT="279">
						<String ID="P1_ST00173" HPOS="1276" VPOS="13261" WIDTH="987" HEIGHT="189" CONTENT="derselben" WC="0.82" CC="000004505" STYLEREFS="TXT_5"/>
						<SP ID="P1_SP00146" HPOS="2263" VPOS="13450" WIDTH="71"/>
						<String ID="P1_ST00174" HPOS="2334" VPOS="13276" WIDTH="345" HEIGHT="180" CONTENT="traf" WC="0.76" CC="3060" STYLEREFS="TXT_5"/>
						<SP ID="P1_SP00147" HPOS="2679" VPOS="13455" WIDTH="66"/>
						<String ID="P1_ST00175" HPOS="2745" VPOS="13276" WIDTH="288" HEIGHT="180" CONTENT="ich" WC="0.93" CC="002" STYLEREFS="TXT_5"/>
						<SP ID="P1_SP00148" HPOS="3033" VPOS="13455" WIDTH="94"/>
						<String ID="P1_ST00176" HPOS="3128" VPOS="13276" WIDTH="487" HEIGHT="180" CONTENT="noch" WC="0.84" CC="6000" STYLEREFS="TXT_5"/>
						<SP ID="P1_SP00149" HPOS="3614" VPOS="13455" WIDTH="94"/>
						<String ID="P1_ST00177" HPOS="3709" VPOS="13285" WIDTH="888" HEIGHT="180" CONTENT="manches" WC="0.91" CC="0060000" STYLEREFS="TXT_5"/>
						<SP ID="P1_SP00150" HPOS="4597" VPOS="13465" WIDTH="99"/>
						<String ID="P1_ST00178" HPOS="4696" VPOS="13294" WIDTH="1304" HEIGHT="227" CONTENT="Empfundene" WC="0.76" CC="5003650030" STYLEREFS="TXT_5"/>
						<SP ID="P1_SP00151" HPOS="6000" VPOS="13521" WIDTH="90"/>
						<String ID="P1_ST00179" HPOS="6090" VPOS="13309" WIDTH="392" HEIGHT="175" CONTENT="und" WC="0.87" CC="030" STYLEREFS="TXT_5"/>
						<SP ID="P1_SP00152" HPOS="6482" VPOS="13521" WIDTH="90"/>
						<String ID="P1_ST00180" HPOS="6572" VPOS="13309" WIDTH="1181" HEIGHT="231" CONTENT="Gelungene," WC="0.76" CC="5003700700" STYLEREFS="TXT_5"/>
					</TextLine>
					<TextLine ID="P1_TL00028" HPOS="1280" VPOS="13554" WIDTH="3671" HEIGHT="246">
						<String ID="P1_ST00181" HPOS="1280" VPOS="13606" WIDTH="387" HEIGHT="123" CONTENT="was" WC="1.00" CC="000" STYLEREFS="TXT_5"/>
						<SP ID="P1_SP00153" HPOS="1668" VPOS="13729" WIDTH="132"/>
						<String ID="P1_ST00182" HPOS="1800" VPOS="13554" WIDTH="331" HEIGHT="184" CONTENT="des" WC="1.00" CC="000" STYLEREFS="TXT_5"/>
						<SP ID="P1_SP00154" HPOS="2131" VPOS="13739" WIDTH="132"/>
						<String ID="P1_ST00183" HPOS="2263" VPOS="13564" WIDTH="661" HEIGHT="175" CONTENT="besten" WC="0.88" CC="000007" STYLEREFS="TXT_5"/>
						<SP ID="P1_SP00155" HPOS="2924" VPOS="13739" WIDTH="132"/>
						<String ID="P1_ST00184" HPOS="3057" VPOS="13564" WIDTH="619" HEIGHT="180" CONTENT="Lobes" WC="1.00" CC="00000" STYLEREFS="TXT_5"/>
						<SP ID="P1_SP00156" HPOS="3676" VPOS="13743" WIDTH="132"/>
						<String ID="P1_ST00185" HPOS="3808" VPOS="13569" WIDTH="737" HEIGHT="231" CONTENT="wurdig" WC="0.96" CC="000020" STYLEREFS="TXT_5"/>
						<SP ID="P1_SP00157" HPOS="4545" VPOS="13800" WIDTH="123"/>
						<String ID="P1_ST00186" HPOS="4668" VPOS="13578" WIDTH="283" HEIGHT="189" CONTENT="ist." WC="0.96" CC="0000" STYLEREFS="TXT_5"/>
					</TextLine>
					<TextLine ID="P1_TL00029" HPOS="1843" VPOS="13918" WIDTH="5915" HEIGHT="298">
						<String ID="P1_ST00187" HPOS="1843" VPOS="13918" WIDTH="288" HEIGHT="189" CONTENT="Za" WC="0.91" CC="10"/>
						<SP ID="P1_SP00158" HPOS="2131" VPOS="14107" WIDTH="151"/>
						<String ID="P1_ST00188" HPOS="2282" VPOS="13923" WIDTH="203" HEIGHT="194" CONTENT="to" WC="1.00" CC="00"/>
						<SP ID="P1_SP00159" HPOS="2485" VPOS="14117" WIDTH="175"/>
						<String ID="P1_ST00189" HPOS="2660" VPOS="13918" WIDTH="775" HEIGHT="213" CONTENT="Klára" WC="0.98" CC="21900"/>
						<SP ID="P1_SP00160" HPOS="3435" VPOS="14131" WIDTH="156"/>
						<String ID="P1_ST00190" HPOS="3591" VPOS="13923" WIDTH="2074" HEIGHT="222" CONTENT="Schumannová" WC="0.84" CC="00030810300"/>
						<SP ID="P1_SP00161" HPOS="5665" VPOS="14145" WIDTH="213"/>
						<String ID="P1_ST00191" HPOS="5877" VPOS="13965" WIDTH="425" HEIGHT="246" CONTENT="tyto" WC="1.00" CC="0000"/>
						<SP ID="P1_SP00162" HPOS="6302" VPOS="14211" WIDTH="208"/>
						<String ID="P1_ST00192" HPOS="6510" VPOS="13961" WIDTH="1247" HEIGHT="255" CONTENT="Smetanovy" WC="0.99" CC="042053300"/>
					</TextLine>
					<TextLine ID="P1_TL00030" HPOS="1266" VPOS="14258" WIDTH="6491" HEIGHT="294">
						<String ID="P1_ST00193" HPOS="1266" VPOS="14258" WIDTH="855" HEIGHT="260" CONTENT="skladby" WC="1.00" CC="0000000"/>
						<SP ID="P1_SP00163" HPOS="2121" VPOS="14518" WIDTH="156"/>
						<String ID="P1_ST00194" HPOS="2277" VPOS="14263" WIDTH="1474" HEIGHT="255" CONTENT="nepochválila," WC="0.99" CC="6002040070653"/>
						<SP ID="P1_SP00164" HPOS="3751" VPOS="14518" WIDTH="156"/>
						<String ID="P1_ST00195" HPOS="3907" VPOS="14282" WIDTH="378" HEIGHT="194" CONTENT="což" WC="1.00" CC="000"/>
						<SP ID="P1_SP00165" HPOS="4285" VPOS="14518" WIDTH="146"/>
						<String ID="P1_ST00196" HPOS="4431" VPOS="14282" WIDTH="364" HEIGHT="250" CONTENT="jest" WC="0.98" CC="6003"/>
						<SP ID="P1_SP00166" HPOS="4795" VPOS="14532" WIDTH="128"/>
						<String ID="P1_ST00197" HPOS="4923" VPOS="14287" WIDTH="354" HEIGHT="194" CONTENT="tím" WC="1.00" CC="000"/>
						<SP ID="P1_SP00167" HPOS="5277" VPOS="14532" WIDTH="118"/>
						<String ID="P1_ST00198" HPOS="5395" VPOS="14287" WIDTH="1285" HEIGHT="265" CONTENT="zajímavější," WC="1.00" CC="000009000002"/>
						<SP ID="P1_SP00168" HPOS="6680" VPOS="14551" WIDTH="132"/>
						<String ID="P1_ST00199" HPOS="6813" VPOS="14306" WIDTH="397" HEIGHT="198" CONTENT="čím" WC="1.00" CC="000"/>
						<SP ID="P1_SP00169" HPOS="7209" VPOS="14551" WIDTH="104"/>
						<String ID="P1_ST00200" HPOS="7313" VPOS="14310" WIDTH="444" HEIGHT="194" CONTENT="více" WC="1.00" CC="0000"/>
					</TextLine>
					<TextLine ID="P1_TL00031" HPOS="1261" VPOS="14608" WIDTH="6487" HEIGHT="265">
						<String ID="P1_ST00201" HPOS="1261" VPOS="14608" WIDTH="647" HEIGHT="236" CONTENT="aspoň" WC="1.00" CC="00010"/>
						<SP ID="P1_SP00170" HPOS="1909" VPOS="14844" WIDTH="90"/>
						<String ID="P1_ST00202" HPOS="1998" VPOS="14608" WIDTH="931" HEIGHT="203" CONTENT="zdánlivě" WC="1.00" CC="00020302"/>
						<SP ID="P1_SP00171" HPOS="2929" VPOS="14844" WIDTH="128"/>
						<String ID="P1_ST00203" HPOS="3057" VPOS="14674" WIDTH="217" HEIGHT="137" CONTENT="se" WC="0.92" CC="10"/>
						<SP ID="P1_SP00172" HPOS="3274" VPOS="14844" WIDTH="99"/>
						<String ID="P1_ST00204" HPOS="3373" VPOS="14613" WIDTH="619" HEIGHT="260" CONTENT="tehdy" WC="1.00" CC="00000"/>
						<SP ID="P1_SP00173" HPOS="3992" VPOS="14872" WIDTH="132"/>
						<String ID="P1_ST00205" HPOS="4124" VPOS="14617" WIDTH="935" HEIGHT="213" CONTENT="Smetana" WC="1.00" CC="0000060"/>
						<SP ID="P1_SP00174" HPOS="5060" VPOS="14872" WIDTH="137"/>
						<String ID="P1_ST00206" HPOS="5197" VPOS="14631" WIDTH="633" HEIGHT="198" CONTENT="klonil" WC="0.99" CC="502320"/>
						<SP ID="P1_SP00175" HPOS="5830" VPOS="14872" WIDTH="90"/>
						<String ID="P1_ST00207" HPOS="5920" VPOS="14636" WIDTH="118" HEIGHT="198" CONTENT="k" WC="1.00" CC="0"/>
						<SP ID="P1_SP00176" HPOS="6038" VPOS="14872" WIDTH="109"/>
						<String ID="P1_ST00208" HPOS="6146" VPOS="14641" WIDTH="1602" HEIGHT="213" CONTENT="Schumannovi." WC="0.86" CC="000009300004"/>
					</TextLine>
				</TextBlock>
				<TextBlock ID="P1_TB00006" HPOS="1243" VPOS="14929" WIDTH="6510" HEIGHT="4753" STYLEREFS="TXT_5 PAR_BLOCK">
					<TextLine ID="P1_TL00032" HPOS="1266" VPOS="14934" WIDTH="6472" HEIGHT="302">
						<String ID="P1_ST00209" HPOS="1266" VPOS="14939" WIDTH="170" HEIGHT="203" CONTENT="V" WC="1.00" CC="0" STYLEREFS="TXT_7"/>
						<SP ID="P1_SP00177" HPOS="1436" VPOS="15142" WIDTH="156"/>
						<String ID="P1_ST00210" HPOS="1592" VPOS="14934" WIDTH="562" HEIGHT="255" CONTENT="jádře" WC="0.99" CC="02400" STYLEREFS="TXT_7"/>
						<SP ID="P1_SP00178" HPOS="2154" VPOS="15189" WIDTH="146"/>
						<String ID="P1_ST00211" HPOS="2301" VPOS="14943" WIDTH="487" HEIGHT="203" CONTENT="však" WC="0.99" CC="0021" STYLEREFS="TXT_7"/>
						<SP ID="P1_SP00179" HPOS="2787" VPOS="15189" WIDTH="151"/>
						<String ID="P1_ST00212" HPOS="2939" VPOS="14953" WIDTH="468" HEIGHT="250" CONTENT="byla" WC="1.00" CC="0001" STYLEREFS="TXT_7"/>
						<SP ID="P1_SP00180" HPOS="3406" VPOS="15203" WIDTH="165"/>
						<String ID="P1_ST00213" HPOS="3572" VPOS="14962" WIDTH="510" HEIGHT="189" CONTENT="mezi" WC="0.97" CC="4604" STYLEREFS="TXT_7"/>
						<SP ID="P1_SP00181" HPOS="4082" VPOS="15203" WIDTH="118"/>
						<String ID="P1_ST00214" HPOS="4200" VPOS="14957" WIDTH="1115" HEIGHT="208" CONTENT="Smetanou" WC="0.99" CC="05000244" STYLEREFS="TXT_7"/>
						<SP ID="P1_SP00182" HPOS="5315" VPOS="15203" WIDTH="104"/>
						<String ID="P1_ST00215" HPOS="5419" VPOS="15028" WIDTH="113" HEIGHT="137" CONTENT="a" WC="1.00" CC="0" STYLEREFS="TXT_7"/>
						<SP ID="P1_SP00183" HPOS="5532" VPOS="15203" WIDTH="104"/>
						<String ID="P1_ST00216" HPOS="5636" VPOS="14967" WIDTH="1521" HEIGHT="217" CONTENT="Schumannem" WC="0.80" CC="0505006200" STYLEREFS="TXT_7"/>
						<SP ID="P1_SP00184" HPOS="7157" VPOS="15203" WIDTH="118"/>
						<String ID="P1_ST00217" HPOS="7276" VPOS="15047" WIDTH="350" HEIGHT="189" CONTENT="pro" SUBS_TYPE="HypPart1" SUBS_CONTENT="propast" WC="0.99" CC="000" STYLEREFS="TXT_7"/>
						<HYP HPOS="7625" VPOS="15047" WIDTH="113" CONTENT="-"/>
					</TextLine>
					<TextLine ID="P1_TL00033" HPOS="1261" VPOS="15283" WIDTH="6478" HEIGHT="247">
						<String ID="P1_ST00218" HPOS="1261" VPOS="15293" WIDTH="439" HEIGHT="236" CONTENT="past" SUBS_TYPE="HypPart2" SUBS_CONTENT="propast" WC="1.00" CC="0010" STYLEREFS="TXT_7"/>
						<SP ID="P1_SP00185" HPOS="1701" VPOS="15529" WIDTH="146"/>
						<String ID="P1_ST00219" HPOS="1847" VPOS="15283" WIDTH="704" HEIGHT="203" CONTENT="celého" WC="1.00" CC="000000" STYLEREFS="TXT_7"/>
						<SP ID="P1_SP00186" HPOS="2551" VPOS="15529" WIDTH="161"/>
						<String ID="P1_ST00220" HPOS="2712" VPOS="15288" WIDTH="751" HEIGHT="203" CONTENT="názoru" WC="0.99" CC="310002" STYLEREFS="TXT_7"/>
						<SP ID="P1_SP00187" HPOS="3463" VPOS="15529" WIDTH="180"/>
						<String ID="P1_ST00221" HPOS="3643" VPOS="15354" WIDTH="250" HEIGHT="142" CONTENT="na" WC="0.69" CC="60" STYLEREFS="TXT_7"/>
						<SP ID="P1_SP00188" HPOS="3893" VPOS="15529" WIDTH="161"/>
						<String ID="P1_ST00222" HPOS="4054" VPOS="15298" WIDTH="746" HEIGHT="203" CONTENT="umění." WC="1.00" CC="002003" STYLEREFS="TXT_7"/>
						<SP ID="P1_SP00189" HPOS="4800" VPOS="15529" WIDTH="236"/>
						<String ID="P1_ST00223" HPOS="5036" VPOS="15312" WIDTH="595" HEIGHT="208" CONTENT="Klára" WC="0.99" CC="04000" STYLEREFS="TXT_7"/>
						<SP ID="P1_SP00190" HPOS="5631" VPOS="15529" WIDTH="156"/>
						<String ID="P1_ST00224" HPOS="5787" VPOS="15317" WIDTH="1592" HEIGHT="213" CONTENT="Schumannová" WC="0.91" CC="00030006000" STYLEREFS="TXT_7"/>
						<SP ID="P1_SP00191" HPOS="7380" VPOS="15529" WIDTH="146"/>
						<String ID="P1_ST00225" HPOS="7526" VPOS="15340" WIDTH="213" HEIGHT="189" CONTENT="to" WC="1.00" CC="00" STYLEREFS="TXT_7"/>
					</TextLine>
					<TextLine ID="P1_TL00034" HPOS="1261" VPOS="15624" WIDTH="6477" HEIGHT="279">
						<String ID="P1_ST00226" HPOS="1261" VPOS="15624" WIDTH="789" HEIGHT="250" CONTENT="vycítila" WC="1.00" CC="00000110" STYLEREFS="TXT_7"/>
						<SP ID="P1_SP00192" HPOS="2050" VPOS="15874" WIDTH="151"/>
						<String ID="P1_ST00227" HPOS="2202" VPOS="15633" WIDTH="609" HEIGHT="198" CONTENT="velmi" WC="0.99" CC="00006" STYLEREFS="TXT_7"/>
						<SP ID="P1_SP00193" HPOS="2811" VPOS="15874" WIDTH="161"/>
						<String ID="P1_ST00228" HPOS="2972" VPOS="15633" WIDTH="709" HEIGHT="246" CONTENT="dobře," WC="1.00" CC="000002" STYLEREFS="TXT_7"/>
						<SP ID="P1_SP00194" HPOS="3680" VPOS="15879" WIDTH="156"/>
						<String ID="P1_ST00229" HPOS="3836" VPOS="15638" WIDTH="331" HEIGHT="255" CONTENT="její" WC="0.99" CC="0040" STYLEREFS="TXT_7"/>
						<SP ID="P1_SP00195" HPOS="4167" VPOS="15893" WIDTH="156"/>
						<String ID="P1_ST00230" HPOS="4323" VPOS="15643" WIDTH="709" HEIGHT="198" CONTENT="kritika" WC="1.00" CC="0023000" STYLEREFS="TXT_7"/>
						<SP ID="P1_SP00196" HPOS="5031" VPOS="15893" WIDTH="198"/>
						<String ID="P1_ST00231" HPOS="5230" VPOS="15652" WIDTH="373" HEIGHT="250" CONTENT="jest" WC="0.99" CC="4000" STYLEREFS="TXT_7"/>
						<SP ID="P1_SP00197" HPOS="5603" VPOS="15902" WIDTH="208"/>
						<String ID="P1_ST00232" HPOS="5811" VPOS="15657" WIDTH="614" HEIGHT="203" CONTENT="názor" WC="0.99" CC="40030" STYLEREFS="TXT_7"/>
						<SP ID="P1_SP00198" HPOS="6425" VPOS="15902" WIDTH="231"/>
						<String ID="P1_ST00233" HPOS="6657" VPOS="15666" WIDTH="964" HEIGHT="198" CONTENT="konserva" SUBS_TYPE="HypPart1" SUBS_CONTENT="konservativního" WC="0.95" CC="00000000" STYLEREFS="TXT_7"/>
						<HYP HPOS="7620" VPOS="15666" WIDTH="118" CONTENT="-"/>
					</TextLine>
					<TextLine ID="P1_TL00035" HPOS="1252" VPOS="15969" WIDTH="5721" HEIGHT="236">
						<String ID="P1_ST00234" HPOS="1252" VPOS="15969" WIDTH="794" HEIGHT="198" CONTENT="tivního" SUBS_TYPE="HypPart2" SUBS_CONTENT="konservativního" WC="1.00" CC="0000000" STYLEREFS="TXT_7"/>
						<SP ID="P1_SP00199" HPOS="2046" VPOS="16167" WIDTH="161"/>
						<String ID="P1_ST00235" HPOS="2206" VPOS="15973" WIDTH="1710" HEIGHT="208" CONTENT="Schumannovce" WC="0.93" CC="030400000000" STYLEREFS="TXT_7"/>
						<SP ID="P1_SP00200" HPOS="3917" VPOS="16181" WIDTH="161"/>
						<String ID="P1_ST00236" HPOS="4077" VPOS="16039" WIDTH="246" HEIGHT="137" CONTENT="na" WC="0.81" CC="30" STYLEREFS="TXT_7"/>
						<SP ID="P1_SP00201" HPOS="4323" VPOS="16181" WIDTH="165"/>
						<String ID="P1_ST00237" HPOS="4488" VPOS="15987" WIDTH="1233" HEIGHT="208" CONTENT="moderního" WC="1.00" CC="000000000" STYLEREFS="TXT_7"/>
						<SP ID="P1_SP00202" HPOS="5721" VPOS="16195" WIDTH="156"/>
						<String ID="P1_ST00238" HPOS="5877" VPOS="15997" WIDTH="1096" HEIGHT="208" CONTENT="Smetanu:" WC="0.99" CC="00000651" STYLEREFS="TXT_7"/>
					</TextLine>
					<TextLine ID="P1_TL00036" HPOS="1824" VPOS="16427" WIDTH="5906" HEIGHT="246">
						<String ID="P1_ST00239" HPOS="1824" VPOS="16427" WIDTH="666" HEIGHT="180" CONTENT="Diirfte" WC="0.60" CC="4670440"/>
						<SP ID="P1_SP00203" HPOS="2490" VPOS="16606" WIDTH="123"/>
						<String ID="P1_ST00240" HPOS="2613" VPOS="16431" WIDTH="288" HEIGHT="175" CONTENT="ich" WC="0.90" CC="200"/>
						<SP ID="P1_SP00204" HPOS="2901" VPOS="16606" WIDTH="128"/>
						<String ID="P1_ST00241" HPOS="3028" VPOS="16483" WIDTH="222" HEIGHT="123" CONTENT="so" WC="0.79" CC="04"/>
						<SP ID="P1_SP00205" HPOS="3250" VPOS="16606" WIDTH="123"/>
						<String ID="P1_ST00242" HPOS="3373" VPOS="16431" WIDTH="331" HEIGHT="180" CONTENT="frei" WC="0.65" CC="5304"/>
						<SP ID="P1_SP00206" HPOS="3704" VPOS="16611" WIDTH="132"/>
						<String ID="P1_ST00243" HPOS="3836" VPOS="16436" WIDTH="458" HEIGHT="222" CONTENT="sein," WC="0.78" CC="00370"/>
						<SP ID="P1_SP00207" HPOS="4294" VPOS="16658" WIDTH="128"/>
						<String ID="P1_ST00244" HPOS="4422" VPOS="16436" WIDTH="298" HEIGHT="175" CONTENT="Sie" WC="0.97" CC="000"/>
						<SP ID="P1_SP00208" HPOS="4720" VPOS="16658" WIDTH="128"/>
						<String ID="P1_ST00245" HPOS="4847" VPOS="16446" WIDTH="312" HEIGHT="175" CONTENT="auf" WC="0.73" CC="025"/>
						<SP ID="P1_SP00209" HPOS="5159" VPOS="16658" WIDTH="132"/>
						<String ID="P1_ST00246" HPOS="5291" VPOS="16446" WIDTH="765" HEIGHT="227" CONTENT="Einiges" WC="0.66" CC="6431700"/>
						<SP ID="P1_SP00210" HPOS="6057" VPOS="16672" WIDTH="109"/>
						<String ID="P1_ST00247" HPOS="6165" VPOS="16455" WIDTH="1247" HEIGHT="180" CONTENT="aufmerksam" WC="0.89" CC="0550000000"/>
						<SP ID="P1_SP00211" HPOS="7413" VPOS="16672" WIDTH="90"/>
						<String ID="P1_ST00248" HPOS="7502" VPOS="16517" WIDTH="227" HEIGHT="118" CONTENT="zu" WC="0.96" CC="00"/>
					</TextLine>
					<TextLine ID="P1_TL00037" HPOS="1252" VPOS="16710" WIDTH="6473" HEIGHT="251">
						<String ID="P1_ST00249" HPOS="1252" VPOS="16710" WIDTH="846" HEIGHT="227" CONTENT="machen," WC="0.90" CC="0000060"/>
						<SP ID="P1_SP00212" HPOS="2098" VPOS="16937" WIDTH="123"/>
						<String ID="P1_ST00250" HPOS="2220" VPOS="16767" WIDTH="222" HEIGHT="123" CONTENT="so" WC="0.91" CC="01"/>
						<SP ID="P1_SP00213" HPOS="2443" VPOS="16937" WIDTH="128"/>
						<String ID="P1_ST00251" HPOS="2570" VPOS="16720" WIDTH="628" HEIGHT="175" CONTENT="wáren" WC="0.72" CC="07006"/>
						<SP ID="P1_SP00214" HPOS="3198" VPOS="16937" WIDTH="132"/>
						<String ID="P1_ST00252" HPOS="3331" VPOS="16767" WIDTH="203" HEIGHT="128" CONTENT="es" WC="1.00" CC="00"/>
						<SP ID="P1_SP00215" HPOS="3534" VPOS="16937" WIDTH="128"/>
						<String ID="P1_ST00253" HPOS="3661" VPOS="16720" WIDTH="302" HEIGHT="175" CONTENT="die" WC="0.91" CC="200"/>
						<SP ID="P1_SP00216" HPOS="3964" VPOS="16937" WIDTH="94"/>
						<String ID="P1_ST00254" HPOS="4058" VPOS="16720" WIDTH="326" HEIGHT="180" CONTENT="mit" WC="1.00" CC="000"/>
						<SP ID="P1_SP00217" HPOS="4384" VPOS="16937" WIDTH="90"/>
						<String ID="P1_ST00255" HPOS="4474" VPOS="16724" WIDTH="997" HEIGHT="194" CONTENT="Romantik" WC="0.99" CC="60060030"/>
						<SP ID="P1_SP00218" HPOS="5471" VPOS="16937" WIDTH="85"/>
						<String ID="P1_ST00256" HPOS="5556" VPOS="16729" WIDTH="1351" HEIGHT="189" CONTENT="bezeichneten" WC="0.85" CC="730000010006"/>
						<SP ID="P1_SP00219" HPOS="6907" VPOS="16937" WIDTH="94"/>
						<String ID="P1_ST00257" HPOS="7002" VPOS="16734" WIDTH="723" HEIGHT="227" CONTENT="Stiicke," WC="0.81" CC="00770000"/>
					</TextLine>
					<TextLine ID="P1_TL00038" HPOS="1247" VPOS="16989" WIDTH="6477" HEIGHT="265">
						<String ID="P1_ST00258" HPOS="1247" VPOS="16989" WIDTH="298" HEIGHT="184" CONTENT="die" WC="0.86" CC="040"/>
						<SP ID="P1_SP00220" HPOS="1545" VPOS="17173" WIDTH="128"/>
						<String ID="P1_ST00259" HPOS="1672" VPOS="17003" WIDTH="350" HEIGHT="175" CONTENT="mir" WC="0.52" CC="680"/>
						<SP ID="P1_SP00221" HPOS="2022" VPOS="17178" WIDTH="118"/>
						<String ID="P1_ST00260" HPOS="2140" VPOS="17055" WIDTH="302" HEIGHT="123" CONTENT="am" WC="0.90" CC="02"/>
						<SP ID="P1_SP00222" HPOS="2443" VPOS="17178" WIDTH="132"/>
						<String ID="P1_ST00261" HPOS="2575" VPOS="17008" WIDTH="1058" HEIGHT="222" CONTENT="wenigsten" WC="0.73" CC="105090008"/>
						<SP ID="P1_SP00223" HPOS="3633" VPOS="17230" WIDTH="123"/>
						<String ID="P1_ST00262" HPOS="3756" VPOS="17008" WIDTH="869" HEIGHT="227" CONTENT="behagen" WC="0.70" CC="3003903"/>
						<SP ID="P1_SP00224" HPOS="4625" VPOS="17235" WIDTH="128"/>
						<String ID="P1_ST00263" HPOS="4753" VPOS="17013" WIDTH="387" HEIGHT="180" CONTENT="und" WC="0.70" CC="350"/>
						<SP ID="P1_SP00225" HPOS="5140" VPOS="17235" WIDTH="128"/>
						<String ID="P1_ST00264" HPOS="5268" VPOS="17065" WIDTH="373" HEIGHT="132" CONTENT="von" WC="0.81" CC="005"/>
						<SP ID="P1_SP00226" HPOS="5641" VPOS="17235" WIDTH="170"/>
						<String ID="P1_ST00265" HPOS="5811" VPOS="17022" WIDTH="614" HEIGHT="175" CONTENT="denen" WC="0.75" CC="00606"/>
						<SP ID="P1_SP00227" HPOS="6425" VPOS="17235" WIDTH="165"/>
						<String ID="P1_ST00266" HPOS="6591" VPOS="17022" WIDTH="298" HEIGHT="180" CONTENT="ich" WC="0.92" CC="200"/>
						<SP ID="P1_SP00228" HPOS="6888" VPOS="17235" WIDTH="123"/>
						<String ID="P1_ST00267" HPOS="7011" VPOS="17031" WIDTH="713" HEIGHT="222" CONTENT="gewiss" WC="0.71" CC="900430"/>
					</TextLine>
					<TextLine ID="P1_TL00039" HPOS="1243" VPOS="17282" WIDTH="6482" HEIGHT="255">
						<String ID="P1_ST00268" HPOS="1243" VPOS="17282" WIDTH="737" HEIGHT="227" CONTENT="glaube," WC="0.72" CC="6146000"/>
						<SP ID="P1_SP00229" HPOS="1980" VPOS="17509" WIDTH="132"/>
						<String ID="P1_ST00269" HPOS="2112" VPOS="17339" WIDTH="203" HEIGHT="128" CONTENT="es" WC="1.00" CC="00"/>
						<SP ID="P1_SP00230" HPOS="2315" VPOS="17509" WIDTH="132"/>
						<String ID="P1_ST00270" HPOS="2447" VPOS="17291" WIDTH="501" HEIGHT="175" CONTENT="wáre" WC="0.78" CC="0710"/>
						<SP ID="P1_SP00231" HPOS="2948" VPOS="17509" WIDTH="128"/>
						<String ID="P1_ST00271" HPOS="3076" VPOS="17296" WIDTH="647" HEIGHT="180" CONTENT="besser" WC="0.84" CC="600021"/>
						<SP ID="P1_SP00232" HPOS="3723" VPOS="17509" WIDTH="123"/>
						<String ID="P1_ST00272" HPOS="3846" VPOS="17296" WIDTH="274" HEIGHT="180" CONTENT="sie" WC="0.87" CC="030"/>
						<SP ID="P1_SP00233" HPOS="4120" VPOS="17509" WIDTH="128"/>
						<String ID="P1_ST00273" HPOS="4247" VPOS="17296" WIDTH="501" HEIGHT="184" CONTENT="nicht" WC="0.84" CC="52000"/>
						<SP ID="P1_SP00234" HPOS="4748" VPOS="17509" WIDTH="94"/>
						<String ID="P1_ST00274" HPOS="4843" VPOS="17301" WIDTH="321" HEIGHT="175" CONTENT="mit" WC="0.75" CC="006"/>
						<SP ID="P1_SP00235" HPOS="5164" VPOS="17509" WIDTH="90"/>
						<String ID="P1_ST00275" HPOS="5254" VPOS="17362" WIDTH="425" HEIGHT="118" CONTENT="zum" WC="0.91" CC="020"/>
						<SP ID="P1_SP00236" HPOS="5679" VPOS="17509" WIDTH="137"/>
						<String ID="P1_ST00276" HPOS="5816" VPOS="17306" WIDTH="737" HEIGHT="184" CONTENT="Drucke" WC="0.97" CC="100000"/>
						<SP ID="P1_SP00237" HPOS="6553" VPOS="17509" WIDTH="128"/>
						<String ID="P1_ST00277" HPOS="6680" VPOS="17362" WIDTH="231" HEIGHT="123" CONTENT="zu" WC="0.83" CC="03"/>
						<SP ID="P1_SP00238" HPOS="6912" VPOS="17509" WIDTH="123"/>
						<String ID="P1_ST00278" HPOS="7035" VPOS="17315" WIDTH="690" HEIGHT="222" CONTENT="geben," WC="0.86" CC="000043"/>
					</TextLine>
					<TextLine ID="P1_TL00040" HPOS="1243" VPOS="17565" WIDTH="6487" HEIGHT="260">
						<String ID="P1_ST00279" HPOS="1243" VPOS="17565" WIDTH="506" HEIGHT="180" CONTENT="denn" WC="0.79" CC="0026"/>
						<SP ID="P1_SP00239" HPOS="1748" VPOS="17745" WIDTH="132"/>
						<String ID="P1_ST00280" HPOS="1880" VPOS="17570" WIDTH="274" HEIGHT="175" CONTENT="sie" WC="0.95" CC="010"/>
						<SP ID="P1_SP00240" HPOS="2154" VPOS="17745" WIDTH="128"/>
						<String ID="P1_ST00281" HPOS="2282" VPOS="17575" WIDTH="425" HEIGHT="175" CONTENT="sind" WC="0.80" CC="0430"/>
						<SP ID="P1_SP00241" HPOS="2707" VPOS="17750" WIDTH="128"/>
						<String ID="P1_ST00282" HPOS="2835" VPOS="17631" WIDTH="222" HEIGHT="123" CONTENT="zu" WC="1.00" CC="00"/>
						<SP ID="P1_SP00242" HPOS="3057" VPOS="17754" WIDTH="132"/>
						<String ID="P1_ST00283" HPOS="3189" VPOS="17580" WIDTH="657" HEIGHT="222" CONTENT="bizarr," WC="0.82" CC="0108020"/>
						<SP ID="P1_SP00243" HPOS="3846" VPOS="17802" WIDTH="123"/>
						<String ID="P1_ST00284" HPOS="3969" VPOS="17584" WIDTH="439" HEIGHT="180" CONTENT="dass" WC="1.00" CC="0000"/>
						<SP ID="P1_SP00244" HPOS="4408" VPOS="17802" WIDTH="132"/>
						<String ID="P1_ST00285" HPOS="4540" VPOS="17589" WIDTH="326" HEIGHT="180" CONTENT="der" WC="1.00" CC="000"/>
						<SP ID="P1_SP00245" HPOS="4866" VPOS="17802" WIDTH="128"/>
						<String ID="P1_ST00286" HPOS="4994" VPOS="17589" WIDTH="850" HEIGHT="180" CONTENT="Zuhórer" WC="0.87" CC="0007200"/>
						<SP ID="P1_SP00246" HPOS="5844" VPOS="17802" WIDTH="170"/>
						<String ID="P1_ST00287" HPOS="6014" VPOS="17598" WIDTH="364" HEIGHT="175" CONTENT="wie" WC="0.67" CC="530"/>
						<SP ID="P1_SP00247" HPOS="6378" VPOS="17802" WIDTH="180"/>
						<String ID="P1_ST00288" HPOS="6557" VPOS="17594" WIDTH="331" HEIGHT="180" CONTENT="der" WC="1.00" CC="000"/>
						<SP ID="P1_SP00248" HPOS="6888" VPOS="17802" WIDTH="128"/>
						<String ID="P1_ST00289" HPOS="7016" VPOS="17598" WIDTH="713" HEIGHT="227" CONTENT="Spieler" WC="0.89" CC="0050200"/>
					</TextLine>
					<TextLine ID="P1_TL00041" HPOS="1247" VPOS="17854" WIDTH="6468" HEIGHT="236">
						<String ID="P1_ST00290" HPOS="1247" VPOS="17906" WIDTH="222" HEIGHT="123" CONTENT="zu" WC="1.00" CC="00"/>
						<SP ID="P1_SP00249" HPOS="1469" VPOS="18028" WIDTH="128"/>
						<String ID="P1_ST00291" HPOS="1597" VPOS="17854" WIDTH="732" HEIGHT="180" CONTENT="keinem" WC="0.76" CC="080500"/>
						<SP ID="P1_SP00250" HPOS="2329" VPOS="18033" WIDTH="137"/>
						<String ID="P1_ST00292" HPOS="2466" VPOS="17863" WIDTH="789" HEIGHT="227" CONTENT="ruhigen" WC="0.92" CC="1001002"/>
						<SP ID="P1_SP00251" HPOS="3255" VPOS="18090" WIDTH="165"/>
						<String ID="P1_ST00293" HPOS="3420" VPOS="17868" WIDTH="879" HEIGHT="184" CONTENT="Genusse" WC="0.87" CC="3050000"/>
						<SP ID="P1_SP00252" HPOS="4299" VPOS="18090" WIDTH="170"/>
						<String ID="P1_ST00294" HPOS="4469" VPOS="17877" WIDTH="822" HEIGHT="213" CONTENT="kommt;" WC="0.90" CC="010003"/>
						<SP ID="P1_SP00253" HPOS="5291" VPOS="18090" WIDTH="175"/>
						<String ID="P1_ST00295" HPOS="5466" VPOS="17877" WIDTH="350" HEIGHT="180" CONTENT="mir" WC="0.93" CC="010"/>
						<SP ID="P1_SP00254" HPOS="5816" VPOS="18090" WIDTH="161"/>
						<String ID="P1_ST00296" HPOS="5976" VPOS="17882" WIDTH="723" HEIGHT="175" CONTENT="scheint" WC="0.87" CC="0050030"/>
						<SP ID="P1_SP00255" HPOS="6699" VPOS="18090" WIDTH="146"/>
						<String ID="P1_ST00297" HPOS="6846" VPOS="17934" WIDTH="208" HEIGHT="128" CONTENT="es" WC="1.00" CC="00"/>
						<SP ID="P1_SP00256" HPOS="7054" VPOS="18090" WIDTH="170"/>
						<String ID="P1_ST00298" HPOS="7224" VPOS="17887" WIDTH="491" HEIGHT="180" CONTENT="doch" WC="0.95" CC="0001"/>
					</TextLine>
					<TextLine ID="P1_TL00042" HPOS="1252" VPOS="18142" WIDTH="6463" HEIGHT="231">
						<String ID="P1_ST00299" HPOS="1252" VPOS="18142" WIDTH="496" HEIGHT="175" CONTENT="nicht" WC="0.92" CC="03000"/>
						<SP ID="P1_SP00257" HPOS="1748" VPOS="18317" WIDTH="128"/>
						<String ID="P1_ST00300" HPOS="1876" VPOS="18146" WIDTH="661" HEIGHT="227" CONTENT="richtig" WC="0.88" CC="0201400"/>
						<SP ID="P1_SP00258" HPOS="2537" VPOS="18373" WIDTH="165"/>
						<String ID="P1_ST00301" HPOS="2702" VPOS="18151" WIDTH="298" HEIGHT="180" CONTENT="die" WC="0.89" CC="030"/>
						<SP ID="P1_SP00259" HPOS="3000" VPOS="18373" WIDTH="170"/>
						<String ID="P1_ST00302" HPOS="3170" VPOS="18156" WIDTH="997" HEIGHT="189" CONTENT="Romantik" WC="1.00" CC="00001010"/>
						<SP ID="P1_SP00260" HPOS="4167" VPOS="18373" WIDTH="165"/>
						<String ID="P1_ST00303" HPOS="4332" VPOS="18165" WIDTH="246" HEIGHT="175" CONTENT="im" WC="0.89" CC="20"/>
						<SP ID="P1_SP00261" HPOS="4578" VPOS="18373" WIDTH="170"/>
						<String ID="P1_ST00304" HPOS="4748" VPOS="18165" WIDTH="860" HEIGHT="180" CONTENT="Bizarren" WC="0.95" CC="00300000"/>
						<SP ID="P1_SP00262" HPOS="5608" VPOS="18373" WIDTH="161"/>
						<String ID="P1_ST00305" HPOS="5769" VPOS="18222" WIDTH="231" HEIGHT="123" CONTENT="zu" WC="0.77" CC="04"/>
						<SP ID="P1_SP00263" HPOS="6000" VPOS="18373" WIDTH="165"/>
						<String ID="P1_ST00306" HPOS="6165" VPOS="18165" WIDTH="765" HEIGHT="184" CONTENT="suchen." WC="0.80" CC="0002064"/>
						<SP ID="P1_SP00264" HPOS="6931" VPOS="18373" WIDTH="250"/>
						<String ID="P1_ST00307" HPOS="7181" VPOS="18165" WIDTH="534" HEIGHT="189" CONTENT="Auch" WC="0.91" CC="0003"/>
					</TextLine>
					<TextLine ID="P1_TL00043" HPOS="1257" VPOS="18430" WIDTH="6458" HEIGHT="213">
						<String ID="P1_ST00308" HPOS="1257" VPOS="18430" WIDTH="742" HEIGHT="180" CONTENT="móchte" WC="0.86" CC="080000"/>
						<SP ID="P1_SP00265" HPOS="1998" VPOS="18609" WIDTH="128"/>
						<String ID="P1_ST00309" HPOS="2126" VPOS="18430" WIDTH="279" HEIGHT="180" CONTENT="ich" WC="0.61" CC="506"/>
						<SP ID="P1_SP00266" HPOS="2405" VPOS="18609" WIDTH="132"/>
						<String ID="P1_ST00310" HPOS="2537" VPOS="18435" WIDTH="184" HEIGHT="180" CONTENT="in" WC="0.59" CC="43"/>
						<SP ID="P1_SP00267" HPOS="2721" VPOS="18614" WIDTH="132"/>
						<String ID="P1_ST00311" HPOS="2854" VPOS="18439" WIDTH="364" HEIGHT="175" CONTENT="den" WC="0.98" CC="004"/>
						<SP ID="P1_SP00268" HPOS="3217" VPOS="18614" WIDTH="128"/>
						<String ID="P1_ST00312" HPOS="3345" VPOS="18454" WIDTH="822" HEIGHT="175" CONTENT="anderen" WC="0.95" CC="0300000"/>
						<SP ID="P1_SP00269" HPOS="4167" VPOS="18628" WIDTH="132"/>
						<String ID="P1_ST00313" HPOS="4299" VPOS="18454" WIDTH="798" HEIGHT="180" CONTENT="Stiicken" WC="0.80" CC="10770000"/>
						<SP ID="P1_SP00270" HPOS="5098" VPOS="18633" WIDTH="170"/>
						<String ID="P1_ST00314" HPOS="5268" VPOS="18454" WIDTH="510" HEIGHT="180" CONTENT="wohl" WC="0.68" CC="0165"/>
						<SP ID="P1_SP00271" HPOS="5778" VPOS="18633" WIDTH="170"/>
						<String ID="P1_ST00315" HPOS="5948" VPOS="18454" WIDTH="392" HEIGHT="180" CONTENT="hier" WC="0.88" CC="0400"/>
						<SP ID="P1_SP00272" HPOS="6340" VPOS="18633" WIDTH="118"/>
						<String ID="P1_ST00316" HPOS="6458" VPOS="18454" WIDTH="397" HEIGHT="180" CONTENT="und" WC="0.64" CC="540"/>
						<SP ID="P1_SP00273" HPOS="6855" VPOS="18633" WIDTH="123"/>
						<String ID="P1_ST00317" HPOS="6978" VPOS="18458" WIDTH="231" HEIGHT="180" CONTENT="da" WC="1.00" CC="00"/>
						<SP ID="P1_SP00274" HPOS="7209" VPOS="18638" WIDTH="137"/>
						<String ID="P1_ST00318" HPOS="7346" VPOS="18463" WIDTH="279" HEIGHT="180" CONTENT="ein" SUBS_TYPE="HypPart1" SUBS_CONTENT="einzelne" WC="0.76" CC="050"/>
						<HYP HPOS="7625" VPOS="18463" WIDTH="90" CONTENT="-"/>
					</TextLine>
					<TextLine ID="P1_TL00044" HPOS="1247" VPOS="18709" WIDTH="6095" HEIGHT="213">
						<String ID="P1_ST00319" HPOS="1247" VPOS="18709" WIDTH="529" HEIGHT="184" CONTENT="zelne" SUBS_TYPE="HypPart2" SUBS_CONTENT="einzelne" WC="0.78" CC="40420"/>
						<SP ID="P1_SP00275" HPOS="1776" VPOS="18893" WIDTH="128"/>
						<String ID="P1_ST00320" HPOS="1904" VPOS="18713" WIDTH="572" HEIGHT="175" CONTENT="Takte" WC="1.00" CC="20000"/>
						<SP ID="P1_SP00276" HPOS="2476" VPOS="18893" WIDTH="132"/>
						<String ID="P1_ST00321" HPOS="2608" VPOS="18723" WIDTH="581" HEIGHT="175" CONTENT="etwas" WC="1.00" CC="00000"/>
						<SP ID="P1_SP00277" HPOS="3189" VPOS="18898" WIDTH="132"/>
						<String ID="P1_ST00322" HPOS="3321" VPOS="18728" WIDTH="1186" HEIGHT="184" CONTENT="harmonisch" WC="0.88" CC="2000111004"/>
						<SP ID="P1_SP00278" HPOS="4507" VPOS="18912" WIDTH="137"/>
						<String ID="P1_ST00323" HPOS="4644" VPOS="18742" WIDTH="1483" HEIGHT="175" CONTENT="wohllautender" WC="0.86" CC="0205106002000"/>
						<SP ID="P1_SP00279" HPOS="6128" VPOS="18917" WIDTH="128"/>
						<String ID="P1_ST00324" HPOS="6255" VPOS="18742" WIDTH="1087" HEIGHT="180" CONTENT="wunschen." WC="0.81" CC="013040033"/>
					</TextLine>
					<TextLine ID="P1_TL00045" HPOS="1814" VPOS="19072" WIDTH="5896" HEIGHT="251">
						<String ID="P1_ST00325" HPOS="1814" VPOS="19072" WIDTH="501" HEIGHT="198" CONTENT="Tato" WC="0.99" CC="3000" STYLEREFS="TXT_7"/>
						<SP ID="P1_SP00280" HPOS="2315" VPOS="19271" WIDTH="208"/>
						<String ID="P1_ST00326" HPOS="2523" VPOS="19087" WIDTH="1370" HEIGHT="236" CONTENT="programová" WC="1.00" CC="0019300000" STYLEREFS="TXT_7"/>
						<SP ID="P1_SP00281" HPOS="3893" VPOS="19323" WIDTH="208"/>
						<String ID="P1_ST00327" HPOS="4101" VPOS="19091" WIDTH="43" HEIGHT="194" CONTENT="i" WC="1.00" CC="0" STYLEREFS="TXT_7"/>
						<SP ID="P1_SP00282" HPOS="4143" VPOS="19323" WIDTH="217"/>
						<String ID="P1_ST00328" HPOS="4361" VPOS="19091" WIDTH="926" HEIGHT="198" CONTENT="hudební" WC="1.00" CC="0000010" STYLEREFS="TXT_7"/>
						<SP ID="P1_SP00283" HPOS="5287" VPOS="19323" WIDTH="217"/>
						<String ID="P1_ST00329" HPOS="5504" VPOS="19096" WIDTH="1205" HEIGHT="198" CONTENT="»divokost«" WC="0.92" CC="3000103000" STYLEREFS="TXT_7"/>
						<SP ID="P1_SP00284" HPOS="6709" VPOS="19323" WIDTH="250"/>
						<String ID="P1_ST00330" HPOS="6959" VPOS="19096" WIDTH="628" HEIGHT="203" CONTENT="Smeta" SUBS_TYPE="HypPart1" SUBS_CONTENT="Smetanova," WC="0.99" CC="00050" STYLEREFS="TXT_7"/>
						<HYP HPOS="7587" VPOS="19096" WIDTH="123" CONTENT="-"/>
					</TextLine>
					<TextLine ID="P1_TL00046" HPOS="1252" VPOS="19403" WIDTH="6449" HEIGHT="274">
						<String ID="P1_ST00331" HPOS="1252" VPOS="19465" WIDTH="591" HEIGHT="189" CONTENT="nova," SUBS_TYPE="HypPart2" SUBS_CONTENT="Smetanova," WC="0.98" CC="06004" STYLEREFS="TXT_7"/>
						<SP ID="P1_SP00285" HPOS="1843" VPOS="19654" WIDTH="151"/>
						<String ID="P1_ST00332" HPOS="1994" VPOS="19403" WIDTH="255" HEIGHT="260" CONTENT="již" WC="1.00" CC="000" STYLEREFS="TXT_7"/>
						<SP ID="P1_SP00286" HPOS="2249" VPOS="19663" WIDTH="156"/>
						<String ID="P1_ST00333" HPOS="2405" VPOS="19474" WIDTH="350" HEIGHT="137" CONTENT="mu" WC="1.00" CC="00" STYLEREFS="TXT_7"/>
						<SP ID="P1_SP00287" HPOS="2754" VPOS="19663" WIDTH="156"/>
						<String ID="P1_ST00334" HPOS="2910" VPOS="19417" WIDTH="652" HEIGHT="250" CONTENT="vyčítá" WC="1.00" CC="000000" STYLEREFS="TXT_7"/>
						<SP ID="P1_SP00288" HPOS="3562" VPOS="19668" WIDTH="161"/>
						<String ID="P1_ST00335" HPOS="3723" VPOS="19422" WIDTH="576" HEIGHT="213" CONTENT="Klára" WC="1.00" CC="20000" STYLEREFS="TXT_7"/>
						<SP ID="P1_SP00289" HPOS="4299" VPOS="19668" WIDTH="156"/>
						<String ID="P1_ST00336" HPOS="4455" VPOS="19431" WIDTH="1644" HEIGHT="246" CONTENT="Schumannová," WC="0.92" CC="000003100004" STYLEREFS="TXT_7"/>
						<SP ID="P1_SP00290" HPOS="6099" VPOS="19677" WIDTH="156"/>
						<String ID="P1_ST00337" HPOS="6255" VPOS="19441" WIDTH="595" HEIGHT="198" CONTENT="mátla" WC="1.00" CC="00000" STYLEREFS="TXT_7"/>
						<SP ID="P1_SP00291" HPOS="6850" VPOS="19677" WIDTH="151"/>
						<String ID="P1_ST00338" HPOS="7002" VPOS="19441" WIDTH="699" HEIGHT="203" CONTENT="ovšem" WC="1.00" CC="00000" STYLEREFS="TXT_7"/>
					</TextLine>
				</TextBlock>
				<TextBlock ID="P1_TB00007" HPOS="8060" VPOS="4805" WIDTH="6609" HEIGHT="14943" STYLEREFS="TXT_5 PAR_BLOCK">
					<TextLine ID="P1_TL00047" HPOS="8187" VPOS="4809" WIDTH="6463" HEIGHT="270">
						<String ID="P1_ST00339" HPOS="8187" VPOS="4809" WIDTH="43" HEIGHT="194" CONTENT="i" WC="0.91" CC="0" STYLEREFS="TXT_3"/>
						<SP ID="P1_SP00292" HPOS="8230" VPOS="5003" WIDTH="175"/>
						<String ID="P1_ST00340" HPOS="8405" VPOS="4814" WIDTH="468" HEIGHT="189" CONTENT="naše" WC="0.98" CC="3150" STYLEREFS="TXT_3"/>
						<SP ID="P1_SP00293" HPOS="8872" VPOS="5003" WIDTH="165"/>
						<String ID="P1_ST00341" HPOS="9038" VPOS="4814" WIDTH="1233" HEIGHT="255" CONTENT="hudebníky." WC="0.99" CC="4600150204" STYLEREFS="TXT_3"/>
						<SP ID="P1_SP00294" HPOS="10271" VPOS="5069" WIDTH="307"/>
						<String ID="P1_ST00342" HPOS="10578" VPOS="4824" WIDTH="666" HEIGHT="255" CONTENT="Vždyť" WC="1.00" CC="00001" STYLEREFS="TXT_3"/>
						<SP ID="P1_SP00295" HPOS="11244" VPOS="5079" WIDTH="189"/>
						<String ID="P1_ST00343" HPOS="11433" VPOS="4894" WIDTH="118" HEIGHT="137" CONTENT="v" WC="1.00" CC="0" STYLEREFS="TXT_3"/>
						<SP ID="P1_SP00296" HPOS="11551" VPOS="5079" WIDTH="203"/>
						<String ID="P1_ST00344" HPOS="11754" VPOS="4843" WIDTH="180" HEIGHT="189" CONTENT="té" WC="0.88" CC="20" STYLEREFS="TXT_3"/>
						<SP ID="P1_SP00297" HPOS="11934" VPOS="5079" WIDTH="236"/>
						<String ID="P1_ST00345" HPOS="12170" VPOS="4843" WIDTH="548" HEIGHT="203" CONTENT="době" WC="1.00" CC="0000" STYLEREFS="TXT_3"/>
						<SP ID="P1_SP00298" HPOS="12718" VPOS="5079" WIDTH="156"/>
						<String ID="P1_ST00346" HPOS="12874" VPOS="4847" WIDTH="1167" HEIGHT="213" CONTENT="Schumann" WC="0.86" CC="00061120" STYLEREFS="TXT_3"/>
						<SP ID="P1_SP00299" HPOS="14041" VPOS="5079" WIDTH="170"/>
						<String ID="P1_ST00347" HPOS="14211" VPOS="4866" WIDTH="439" HEIGHT="198" CONTENT="zdál" WC="0.99" CC="4000" STYLEREFS="TXT_3"/>
					</TextLine>
					<TextLine ID="P1_TL00048" HPOS="8169" VPOS="5154" WIDTH="6496" HEIGHT="293">
						<String ID="P1_ST00348" HPOS="8169" VPOS="5211" WIDTH="217" HEIGHT="137" CONTENT="se" WC="1.00" CC="00" STYLEREFS="TXT_3"/>
						<SP ID="P1_SP00300" HPOS="8386" VPOS="5348" WIDTH="151"/>
						<String ID="P1_ST00349" HPOS="8537" VPOS="5154" WIDTH="411" HEIGHT="255" CONTENT="býti" WC="0.98" CC="0000" STYLEREFS="TXT_3"/>
						<SP ID="P1_SP00301" HPOS="8948" VPOS="5409" WIDTH="165"/>
						<String ID="P1_ST00350" HPOS="9113" VPOS="5159" WIDTH="699" HEIGHT="198" CONTENT="vrchol" WC="1.00" CC="000000" STYLEREFS="TXT_3"/>
						<SP ID="P1_SP00302" HPOS="9813" VPOS="5409" WIDTH="175"/>
						<String ID="P1_ST00351" HPOS="9987" VPOS="5169" WIDTH="1403" HEIGHT="198" CONTENT="modernismu" WC="0.80" CC="6000114023" STYLEREFS="TXT_3"/>
						<SP ID="P1_SP00303" HPOS="11391" VPOS="5409" WIDTH="165"/>
						<String ID="P1_ST00352" HPOS="11556" VPOS="5244" WIDTH="118" HEIGHT="128" CONTENT="v" WC="1.00" CC="0" STYLEREFS="TXT_3"/>
						<SP ID="P1_SP00304" HPOS="11674" VPOS="5409" WIDTH="161"/>
						<String ID="P1_ST00353" HPOS="11835" VPOS="5178" WIDTH="850" HEIGHT="203" CONTENT="klavírní" WC="1.00" CC="00001050" STYLEREFS="TXT_3"/>
						<SP ID="P1_SP00305" HPOS="12685" VPOS="5409" WIDTH="161"/>
						<String ID="P1_ST00354" HPOS="12846" VPOS="5192" WIDTH="1054" HEIGHT="255" CONTENT="literatuře," WC="1.00" CC="10000005000" STYLEREFS="TXT_3"/>
						<SP ID="P1_SP00306" HPOS="13899" VPOS="5447" WIDTH="156"/>
						<String ID="P1_ST00355" HPOS="14055" VPOS="5211" WIDTH="609" HEIGHT="194" CONTENT="avšak" WC="1.00" CC="00000" STYLEREFS="TXT_3"/>
					</TextLine>
					<TextLine ID="P1_TL00049" HPOS="8169" VPOS="5499" WIDTH="6487" HEIGHT="284">
						<String ID="P1_ST00356" HPOS="8169" VPOS="5499" WIDTH="269" HEIGHT="231" CONTENT="to," WC="1.00" CC="000" STYLEREFS="TXT_3"/>
						<SP ID="P1_SP00307" HPOS="8438" VPOS="5731" WIDTH="161"/>
						<String ID="P1_ST00357" HPOS="8598" VPOS="5556" WIDTH="246" HEIGHT="137" CONTENT="co" WC="1.00" CC="00" STYLEREFS="TXT_3"/>
						<SP ID="P1_SP00308" HPOS="8844" VPOS="5731" WIDTH="165"/>
						<String ID="P1_ST00358" HPOS="9009" VPOS="5499" WIDTH="869" HEIGHT="246" CONTENT="přinášel" WC="1.00" CC="00000030" STYLEREFS="TXT_3"/>
						<SP ID="P1_SP00309" HPOS="9879" VPOS="5745" WIDTH="170"/>
						<String ID="P1_ST00359" HPOS="10049" VPOS="5504" WIDTH="1002" HEIGHT="255" CONTENT="Smetana," WC="1.00" CC="00000302" STYLEREFS="TXT_3"/>
						<SP ID="P1_SP00310" HPOS="11050" VPOS="5759" WIDTH="170"/>
						<String ID="P1_ST00360" HPOS="11220" VPOS="5513" WIDTH="491" HEIGHT="250" CONTENT="bylo" WC="1.00" CC="0020" STYLEREFS="TXT_3"/>
						<SP ID="P1_SP00311" HPOS="11712" VPOS="5764" WIDTH="156"/>
						<String ID="P1_ST00361" HPOS="11868" VPOS="5518" WIDTH="491" HEIGHT="250" CONTENT="ještě" WC="0.99" CC="00700" STYLEREFS="TXT_3"/>
						<SP ID="P1_SP00312" HPOS="12359" VPOS="5769" WIDTH="156"/>
						<String ID="P1_ST00362" HPOS="12515" VPOS="5523" WIDTH="515" HEIGHT="203" CONTENT="něco" WC="0.98" CC="2005" STYLEREFS="TXT_3"/>
						<SP ID="P1_SP00313" HPOS="13030" VPOS="5769" WIDTH="165"/>
						<String ID="P1_ST00363" HPOS="13195" VPOS="5532" WIDTH="751" HEIGHT="250" CONTENT="jiného." WC="0.99" CC="3300003" STYLEREFS="TXT_3"/>
						<SP ID="P1_SP00314" HPOS="13946" VPOS="5783" WIDTH="208"/>
						<String ID="P1_ST00364" HPOS="14154" VPOS="5546" WIDTH="501" HEIGHT="198" CONTENT="Tato" WC="0.98" CC="3004" STYLEREFS="TXT_3"/>
					</TextLine>
					<TextLine ID="P1_TL00050" HPOS="8169" VPOS="5830" WIDTH="6496" HEIGHT="255">
						<String ID="P1_ST00365" HPOS="8169" VPOS="5830" WIDTH="931" HEIGHT="255" CONTENT="nejistota" WC="1.00" CC="000000705" STYLEREFS="TXT_3"/>
						<SP ID="P1_SP00315" HPOS="9099" VPOS="6085" WIDTH="203"/>
						<String ID="P1_ST00366" HPOS="9302" VPOS="5839" WIDTH="813" HEIGHT="203" CONTENT="úsudku" WC="0.98" CC="604005" STYLEREFS="TXT_3"/>
						<SP ID="P1_SP00316" HPOS="10115" VPOS="6085" WIDTH="189"/>
						<String ID="P1_ST00367" HPOS="10304" VPOS="5849" WIDTH="732" HEIGHT="198" CONTENT="vládne" WC="1.00" CC="000040" STYLEREFS="TXT_3"/>
						<SP ID="P1_SP00317" HPOS="11036" VPOS="6085" WIDTH="208"/>
						<String ID="P1_ST00368" HPOS="11244" VPOS="5858" WIDTH="52" HEIGHT="189" CONTENT="i" WC="1.00" CC="0" STYLEREFS="TXT_3"/>
						<SP ID="P1_SP00318" HPOS="11296" VPOS="6085" WIDTH="217"/>
						<String ID="P1_ST00369" HPOS="11513" VPOS="5924" WIDTH="123" HEIGHT="132" CONTENT="v" WC="1.00" CC="0" STYLEREFS="TXT_3"/>
						<SP ID="P1_SP00319" HPOS="11636" VPOS="6085" WIDTH="203"/>
						<String ID="P1_ST00370" HPOS="11839" VPOS="5863" WIDTH="822" HEIGHT="203" CONTENT="referátě" WC="0.92" CC="00600000" STYLEREFS="TXT_3"/>
						<SP ID="P1_SP00320" HPOS="12661" VPOS="6085" WIDTH="213"/>
						<String ID="P1_ST00371" HPOS="12874" VPOS="5877" WIDTH="831" HEIGHT="194" CONTENT="Frant." WC="0.81" CC="600004" STYLEREFS="TXT_3"/>
						<SP ID="P1_SP00321" HPOS="13706" VPOS="6085" WIDTH="208"/>
						<String ID="P1_ST00372" HPOS="13913" VPOS="5882" WIDTH="751" HEIGHT="198" CONTENT="Ulma" WC="0.64" CC="3019" STYLEREFS="TXT_3"/>
					</TextLine>
					<TextLine ID="P1_TL00051" HPOS="8169" VPOS="6184" WIDTH="6496" HEIGHT="284">
						<String ID="P1_ST00373" HPOS="8169" VPOS="6236" WIDTH="123" HEIGHT="132" CONTENT="o" WC="1.00" CC="0" STYLEREFS="TXT_3"/>
						<SP ID="P1_SP00322" HPOS="8291" VPOS="6369" WIDTH="118"/>
						<String ID="P1_ST00374" HPOS="8409" VPOS="6184" WIDTH="846" HEIGHT="246" CONTENT="prvních" WC="0.99" CC="0004500" STYLEREFS="TXT_3"/>
						<SP ID="P1_SP00323" HPOS="9255" VPOS="6430" WIDTH="113"/>
						<String ID="P1_ST00375" HPOS="9369" VPOS="6189" WIDTH="1110" HEIGHT="198" CONTENT="skladbách" WC="1.00" CC="004000000" STYLEREFS="TXT_3"/>
						<SP ID="P1_SP00324" HPOS="10479" VPOS="6430" WIDTH="165"/>
						<String ID="P1_ST00376" HPOS="10644" VPOS="6189" WIDTH="1554" HEIGHT="269" CONTENT="Smetanových." WC="1.00" CC="001640500004" STYLEREFS="TXT_3"/>
						<SP ID="P1_SP00325" HPOS="12198" VPOS="6458" WIDTH="137"/>
						<String ID="P1_ST00377" HPOS="12335" VPOS="6213" WIDTH="402" HEIGHT="250" CONTENT="Jest" WC="0.97" CC="7130" STYLEREFS="TXT_3"/>
						<SP ID="P1_SP00326" HPOS="12737" VPOS="6463" WIDTH="132"/>
						<String ID="P1_ST00378" HPOS="12869" VPOS="6231" WIDTH="213" HEIGHT="180" CONTENT="to" WC="0.92" CC="01" STYLEREFS="TXT_3"/>
						<SP ID="P1_SP00327" HPOS="13082" VPOS="6463" WIDTH="151"/>
						<String ID="P1_ST00379" HPOS="13233" VPOS="6222" WIDTH="591" HEIGHT="246" CONTENT="první" WC="1.00" CC="00000" STYLEREFS="TXT_3"/>
						<SP ID="P1_SP00328" HPOS="13824" VPOS="6468" WIDTH="128"/>
						<String ID="P1_ST00380" HPOS="13951" VPOS="6227" WIDTH="713" HEIGHT="194" CONTENT="tištěná" WC="0.99" CC="5000430" STYLEREFS="TXT_3"/>
					</TextLine>
					<TextLine ID="P1_TL00052" HPOS="8159" VPOS="6515" WIDTH="6496" HEIGHT="293">
						<String ID="P1_ST00381" HPOS="8159" VPOS="6515" WIDTH="694" HEIGHT="203" CONTENT="kritika" WC="1.00" CC="0000600" STYLEREFS="TXT_3"/>
						<SP ID="P1_SP00329" HPOS="8854" VPOS="6718" WIDTH="113"/>
						<String ID="P1_ST00382" HPOS="8967" VPOS="6581" WIDTH="128" HEIGHT="142" CONTENT="o" WC="1.00" CC="0" STYLEREFS="TXT_3"/>
						<SP ID="P1_SP00330" HPOS="9094" VPOS="6723" WIDTH="118"/>
						<String ID="P1_ST00383" HPOS="9213" VPOS="6529" WIDTH="1493" HEIGHT="260" CONTENT="Smetanových" WC="1.00" CC="00000000000" STYLEREFS="TXT_3"/>
						<SP ID="P1_SP00331" HPOS="10706" VPOS="6789" WIDTH="118"/>
						<String ID="P1_ST00384" HPOS="10824" VPOS="6553" WIDTH="846" HEIGHT="231" CONTENT="prvních" WC="1.00" CC="0002000" STYLEREFS="TXT_3"/>
						<SP ID="P1_SP00332" HPOS="11669" VPOS="6789" WIDTH="165"/>
						<String ID="P1_ST00385" HPOS="11835" VPOS="6553" WIDTH="912" HEIGHT="255" CONTENT="opusech" WC="1.00" CC="0000000" STYLEREFS="TXT_3"/>
						<SP ID="P1_SP00333" HPOS="12746" VPOS="6808" WIDTH="113"/>
						<String ID="P1_ST00386" HPOS="12860" VPOS="6553" WIDTH="1077" HEIGHT="250" CONTENT="(Bohemia" WC="0.99" CC="12000640" STYLEREFS="TXT_3"/>
						<SP ID="P1_SP00334" HPOS="13937" VPOS="6808" WIDTH="137"/>
						<String ID="P1_ST00387" HPOS="14074" VPOS="6576" WIDTH="581" HEIGHT="231" CONTENT="1851," WC="0.86" CC="20040" STYLEREFS="TXT_3"/>
					</TextLine>
					<TextLine ID="P1_TL00053" HPOS="8154" VPOS="6865" WIDTH="6496" HEIGHT="298">
						<String ID="P1_ST00388" HPOS="8154" VPOS="6865" WIDTH="161" HEIGHT="194" CONTENT="č." WC="0.68" CC="14" STYLEREFS="TXT_3"/>
						<SP ID="P1_SP00335" HPOS="8315" VPOS="7058" WIDTH="189"/>
						<String ID="P1_ST00389" HPOS="8504" VPOS="6869" WIDTH="454" HEIGHT="231" CONTENT="194," WC="0.72" CC="4600" STYLEREFS="TXT_3"/>
						<SP ID="P1_SP00336" HPOS="8957" VPOS="7101" WIDTH="189"/>
						<String ID="P1_ST00390" HPOS="9146" VPOS="6883" WIDTH="298" HEIGHT="189" CONTENT="11." WC="0.60" CC="344" STYLEREFS="TXT_3"/>
						<SP ID="P1_SP00337" HPOS="9444" VPOS="7101" WIDTH="165"/>
						<String ID="P1_ST00391" HPOS="9609" VPOS="6874" WIDTH="1077" HEIGHT="250" CONTENT="prosince)." WC="1.00" CC="0501300004" STYLEREFS="TXT_3"/>
						<SP ID="P1_SP00338" HPOS="10687" VPOS="7124" WIDTH="213"/>
						<String ID="P1_ST00392" HPOS="10899" VPOS="6883" WIDTH="902" HEIGHT="208" CONTENT="Obšírná" WC="1.00" CC="0000010" STYLEREFS="TXT_3"/>
						<SP ID="P1_SP00339" HPOS="11802" VPOS="7124" WIDTH="151"/>
						<String ID="P1_ST00393" HPOS="11953" VPOS="6907" WIDTH="406" HEIGHT="189" CONTENT="tato" WC="1.00" CC="0000" STYLEREFS="TXT_3"/>
						<SP ID="P1_SP00340" HPOS="12359" VPOS="7124" WIDTH="156"/>
						<String ID="P1_ST00394" HPOS="12515" VPOS="6902" WIDTH="383" HEIGHT="194" CONTENT="stať" WC="0.99" CC="0500" STYLEREFS="TXT_3"/>
						<SP ID="P1_SP00341" HPOS="12898" VPOS="7124" WIDTH="137"/>
						<String ID="P1_ST00395" HPOS="13035" VPOS="6902" WIDTH="364" HEIGHT="246" CONTENT="jest" WC="0.99" CC="1030" STYLEREFS="TXT_3"/>
						<SP ID="P1_SP00342" HPOS="13398" VPOS="7148" WIDTH="161"/>
						<String ID="P1_ST00396" HPOS="13559" VPOS="6907" WIDTH="1091" HEIGHT="255" CONTENT="historicky" WC="1.00" CC="5000300000" STYLEREFS="TXT_3"/>
					</TextLine>
					<TextLine ID="P1_TL00054" HPOS="8169" VPOS="7205" WIDTH="6463" HEIGHT="283">
						<String ID="P1_ST00397" HPOS="8169" VPOS="7209" WIDTH="605" HEIGHT="194" CONTENT="velmi" WC="0.99" CC="03200" STYLEREFS="TXT_3"/>
						<SP ID="P1_SP00343" HPOS="8773" VPOS="7403" WIDTH="165"/>
						<String ID="P1_ST00398" HPOS="8939" VPOS="7205" WIDTH="874" HEIGHT="217" CONTENT="důležitá" WC="1.00" CC="00400000" STYLEREFS="TXT_3"/>
						<SP ID="P1_SP00344" HPOS="9813" VPOS="7422" WIDTH="146"/>
						<String ID="P1_ST00399" HPOS="9959" VPOS="7285" WIDTH="109" HEIGHT="137" CONTENT="a" WC="1.00" CC="0" STYLEREFS="TXT_3"/>
						<SP ID="P1_SP00345" HPOS="10068" VPOS="7422" WIDTH="161"/>
						<String ID="P1_ST00400" HPOS="10228" VPOS="7219" WIDTH="1035" HEIGHT="255" CONTENT="zajímava," WC="1.00" CC="000000000" STYLEREFS="TXT_3"/>
						<SP ID="P1_SP00346" HPOS="11263" VPOS="7474" WIDTH="165"/>
						<String ID="P1_ST00401" HPOS="11428" VPOS="7233" WIDTH="817" HEIGHT="203" CONTENT="nebude" WC="1.00" CC="100400" STYLEREFS="TXT_3"/>
						<SP ID="P1_SP00347" HPOS="12246" VPOS="7474" WIDTH="165"/>
						<String ID="P1_ST00402" HPOS="12411" VPOS="7247" WIDTH="265" HEIGHT="189" CONTENT="mi" WC="1.00" CC="00" STYLEREFS="TXT_3"/>
						<SP ID="P1_SP00348" HPOS="12676" VPOS="7474" WIDTH="180"/>
						<String ID="P1_ST00403" HPOS="12855" VPOS="7261" WIDTH="591" HEIGHT="227" CONTENT="proto" WC="1.00" CC="00000" STYLEREFS="TXT_3"/>
						<SP ID="P1_SP00349" HPOS="13446" VPOS="7488" WIDTH="161"/>
						<String ID="P1_ST00404" HPOS="13606" VPOS="7247" WIDTH="643" HEIGHT="198" CONTENT="bráno" WC="0.99" CC="01034" STYLEREFS="TXT_3"/>
						<SP ID="P1_SP00350" HPOS="14249" VPOS="7488" WIDTH="161"/>
						<String ID="P1_ST00405" HPOS="14409" VPOS="7313" WIDTH="222" HEIGHT="137" CONTENT="za" WC="0.91" CC="10" STYLEREFS="TXT_3"/>
					</TextLine>
					<TextLine ID="P1_TL00055" HPOS="8150" VPOS="7550" WIDTH="6487" HEIGHT="293">
						<String ID="P1_ST00406" HPOS="8150" VPOS="7550" WIDTH="359" HEIGHT="236" CONTENT="zlé," WC="0.99" CC="0300" STYLEREFS="TXT_3"/>
						<SP ID="P1_SP00351" HPOS="8509" VPOS="7786" WIDTH="165"/>
						<String ID="P1_ST00407" HPOS="8674" VPOS="7554" WIDTH="808" HEIGHT="203" CONTENT="budu-li" WC="0.78" CC="0206410" STYLEREFS="TXT_3"/>
						<SP ID="P1_SP00352" HPOS="9482" VPOS="7786" WIDTH="165"/>
						<String ID="P1_ST00408" HPOS="9647" VPOS="7630" WIDTH="109" HEIGHT="128" CONTENT="z" WC="1.00" CC="0" STYLEREFS="TXT_3"/>
						<SP ID="P1_SP00353" HPOS="9756" VPOS="7786" WIDTH="161"/>
						<String ID="P1_ST00409" HPOS="9917" VPOS="7578" WIDTH="208" HEIGHT="184" CONTENT="ní" WC="0.92" CC="10" STYLEREFS="TXT_3"/>
						<SP ID="P1_SP00354" HPOS="10124" VPOS="7786" WIDTH="156"/>
						<String ID="P1_ST00410" HPOS="10280" VPOS="7578" WIDTH="803" HEIGHT="194" CONTENT="citovati" WC="0.94" CC="00400000" STYLEREFS="TXT_3"/>
						<SP ID="P1_SP00355" HPOS="11083" VPOS="7786" WIDTH="170"/>
						<String ID="P1_ST00411" HPOS="11254" VPOS="7578" WIDTH="973" HEIGHT="246" CONTENT="poněkud" WC="1.00" CC="0102030" STYLEREFS="TXT_3"/>
						<SP ID="P1_SP00356" HPOS="12227" VPOS="7824" WIDTH="109"/>
						<String ID="P1_ST00412" HPOS="12335" VPOS="7592" WIDTH="491" HEIGHT="189" CONTENT="více." WC="0.99" CC="00004" STYLEREFS="TXT_3"/>
						<SP ID="P1_SP00357" HPOS="12827" VPOS="7824" WIDTH="165"/>
						<String ID="P1_ST00413" HPOS="12992" VPOS="7592" WIDTH="321" HEIGHT="194" CONTENT="Ctí" WC="0.99" CC="020" STYLEREFS="TXT_3"/>
						<SP ID="P1_SP00358" HPOS="13313" VPOS="7824" WIDTH="132"/>
						<String ID="P1_ST00414" HPOS="13446" VPOS="7592" WIDTH="605" HEIGHT="198" CONTENT="Ulma" WC="0.81" CC="5100" STYLEREFS="TXT_3"/>
						<SP ID="P1_SP00359" HPOS="14050" VPOS="7824" WIDTH="113"/>
						<String ID="P1_ST00415" HPOS="14164" VPOS="7602" WIDTH="47" HEIGHT="189" CONTENT="i" WC="0.43" CC="5" STYLEREFS="TXT_3"/>
						<SP ID="P1_SP00360" HPOS="14211" VPOS="7824" WIDTH="123"/>
						<String ID="P1_ST00416" HPOS="14334" VPOS="7597" WIDTH="302" HEIGHT="246" CONTENT="při" WC="0.98" CC="005" STYLEREFS="TXT_3"/>
					</TextLine>
					<TextLine ID="P1_TL00056" HPOS="8159" VPOS="7894" WIDTH="6487" HEIGHT="294">
						<String ID="P1_ST00417" HPOS="8159" VPOS="7894" WIDTH="978" HEIGHT="194" CONTENT="mnohém" WC="0.99" CC="070000" STYLEREFS="TXT_3"/>
						<SP ID="P1_SP00361" HPOS="9137" VPOS="8088" WIDTH="241"/>
						<String ID="P1_ST00418" HPOS="9378" VPOS="7913" WIDTH="1630" HEIGHT="241" CONTENT="neporozumění" WC="1.00" CC="700000200160" STYLEREFS="TXT_3"/>
						<SP ID="P1_SP00362" HPOS="11008" VPOS="8154" WIDTH="208"/>
						<String ID="P1_ST00419" HPOS="11216" VPOS="7913" WIDTH="1172" HEIGHT="208" CONTENT="Smetanovi" WC="1.00" CC="000004000" STYLEREFS="TXT_3"/>
						<SP ID="P1_SP00363" HPOS="12387" VPOS="8154" WIDTH="203"/>
						<String ID="P1_ST00420" HPOS="12591" VPOS="7989" WIDTH="113" HEIGHT="132" CONTENT="a" WC="1.00" CC="0" STYLEREFS="TXT_3"/>
						<SP ID="P1_SP00364" HPOS="12704" VPOS="8154" WIDTH="213"/>
						<String ID="P1_ST00421" HPOS="12917" VPOS="7928" WIDTH="1049" HEIGHT="260" CONTENT="zasluhuje" WC="1.00" CC="003000530" STYLEREFS="TXT_3"/>
						<SP ID="P1_SP00365" HPOS="13965" VPOS="8187" WIDTH="203"/>
						<String ID="P1_ST00422" HPOS="14169" VPOS="7942" WIDTH="430" HEIGHT="194" CONTENT="čest" SUBS_TYPE="HypPart1" SUBS_CONTENT="čestného" WC="0.99" CC="0000" STYLEREFS="TXT_3"/>
						<HYP HPOS="14598" VPOS="7942" WIDTH="47" CONTENT="-"/>
					</TextLine>
					<TextLine ID="P1_TL00057" HPOS="8159" VPOS="8235" WIDTH="6487" HEIGHT="236">
						<String ID="P1_ST00423" HPOS="8159" VPOS="8235" WIDTH="539" HEIGHT="198" CONTENT="ného" SUBS_TYPE="HypPart2" SUBS_CONTENT="čestného" WC="0.99" CC="4000" STYLEREFS="TXT_3"/>
						<SP ID="P1_SP00366" HPOS="8698" VPOS="8433" WIDTH="165"/>
						<String ID="P1_ST00424" HPOS="8863" VPOS="8244" WIDTH="581" HEIGHT="198" CONTENT="místa" WC="0.99" CC="00400" STYLEREFS="TXT_3"/>
						<SP ID="P1_SP00367" HPOS="9444" VPOS="8443" WIDTH="165"/>
						<String ID="P1_ST00425" HPOS="9609" VPOS="8254" WIDTH="506" HEIGHT="194" CONTENT="mezi" WC="0.99" CC="5000" STYLEREFS="TXT_3"/>
						<SP ID="P1_SP00368" HPOS="10115" VPOS="8447" WIDTH="165"/>
						<String ID="P1_ST00426" HPOS="10280" VPOS="8254" WIDTH="997" HEIGHT="203" CONTENT="kritikami" WC="1.00" CC="000420000" STYLEREFS="TXT_3"/>
						<SP ID="P1_SP00369" HPOS="11277" VPOS="8457" WIDTH="213"/>
						<String ID="P1_ST00427" HPOS="11490" VPOS="8320" WIDTH="132" HEIGHT="137" CONTENT="o" WC="0.87" CC="1" STYLEREFS="TXT_3"/>
						<SP ID="P1_SP00370" HPOS="11622" VPOS="8457" WIDTH="184"/>
						<String ID="P1_ST00428" HPOS="11806" VPOS="8263" WIDTH="1228" HEIGHT="203" CONTENT="Smetanovi." WC="1.00" CC="0000003004" STYLEREFS="TXT_3"/>
						<SP ID="P1_SP00371" HPOS="13035" VPOS="8466" WIDTH="321"/>
						<String ID="P1_ST00429" HPOS="13356" VPOS="8277" WIDTH="765" HEIGHT="194" CONTENT="Počíná" WC="0.99" CC="600000" STYLEREFS="TXT_3"/>
						<SP ID="P1_SP00372" HPOS="14121" VPOS="8471" WIDTH="151"/>
						<String ID="P1_ST00430" HPOS="14272" VPOS="8282" WIDTH="283" HEIGHT="189" CONTENT="kri" SUBS_TYPE="HypPart1" SUBS_CONTENT="kritikou" WC="0.97" CC="072" STYLEREFS="TXT_3"/>
						<HYP HPOS="14556" VPOS="8282" WIDTH="90" CONTENT="-"/>
					</TextLine>
					<TextLine ID="P1_TL00058" HPOS="8135" VPOS="8580" WIDTH="4635" HEIGHT="274">
						<String ID="P1_ST00431" HPOS="8135" VPOS="8580" WIDTH="576" HEIGHT="198" CONTENT="tikou" SUBS_TYPE="HypPart2" SUBS_CONTENT="kritikou" WC="0.98" CC="07004" STYLEREFS="TXT_3"/>
						<SP ID="P1_SP00373" HPOS="8712" VPOS="8778" WIDTH="194"/>
						<String ID="P1_ST00432" HPOS="8906" VPOS="8589" WIDTH="458" HEIGHT="198" CONTENT="»Six" WC="0.73" CC="5004" STYLEREFS="TXT_3"/>
						<SP ID="P1_SP00374" HPOS="9364" VPOS="8787" WIDTH="161"/>
						<String ID="P1_ST00433" HPOS="9524" VPOS="8650" WIDTH="1096" HEIGHT="142" CONTENT="morceaux" WC="1.00" CC="00000000" STYLEREFS="TXT_3"/>
						<SP ID="P1_SP00375" HPOS="10620" VPOS="8792" WIDTH="156"/>
						<String ID="P1_ST00434" HPOS="10776" VPOS="8603" WIDTH="1843" HEIGHT="250" CONTENT="caractéristiques*" WC="0.81" CC="10330000270500007" STYLEREFS="TXT_3"/>
						<SP ID="P1_SP00376" HPOS="12619" VPOS="8854" WIDTH="113"/>
						<String ID="P1_ST00435" HPOS="12732" VPOS="8688" WIDTH="38" HEIGHT="123" CONTENT=":" WC="0.54" CC="4" STYLEREFS="TXT_3"/>
					</TextLine>
					<TextLine ID="P1_TL00059" HPOS="8717" VPOS="8910" WIDTH="5929" HEIGHT="265">
						<String ID="P1_ST00436" HPOS="8717" VPOS="8910" WIDTH="194" HEIGHT="175" CONTENT="In" WC="0.35" CC="66"/>
						<SP ID="P1_SP00377" HPOS="8910" VPOS="9085" WIDTH="137"/>
						<String ID="P1_ST00437" HPOS="9047" VPOS="8915" WIDTH="274" HEIGHT="180" CONTENT="Fr." WC="0.68" CC="504"/>
						<SP ID="P1_SP00378" HPOS="9321" VPOS="9094" WIDTH="137"/>
						<String ID="P1_ST00438" HPOS="9458" VPOS="8915" WIDTH="1101" HEIGHT="189" CONTENT="Smetana" WC="0.99" CC="1405220"/>
						<SP ID="P1_SP00379" HPOS="10559" VPOS="9104" WIDTH="99"/>
						<String ID="P1_ST00439" HPOS="10658" VPOS="8929" WIDTH="369" HEIGHT="175" CONTENT="tritt" WC="0.91" CC="00400"/>
						<SP ID="P1_SP00380" HPOS="11027" VPOS="9104" WIDTH="85"/>
						<String ID="P1_ST00440" HPOS="11112" VPOS="8981" WIDTH="354" HEIGHT="132" CONTENT="uns" WC="0.68" CC="350"/>
						<SP ID="P1_SP00381" HPOS="11466" VPOS="9113" WIDTH="99"/>
						<String ID="P1_ST00441" HPOS="11565" VPOS="8939" WIDTH="298" HEIGHT="175" CONTENT="ein" WC="0.59" CC="038"/>
						<SP ID="P1_SP00382" HPOS="11863" VPOS="9113" WIDTH="94"/>
						<String ID="P1_ST00442" HPOS="11957" VPOS="8943" WIDTH="586" HEIGHT="175" CONTENT="horno" WC="0.58" CC="02765"/>
						<SP ID="P1_SP00383" HPOS="12543" VPOS="9118" WIDTH="104"/>
						<String ID="P1_ST00443" HPOS="12647" VPOS="8991" WIDTH="605" HEIGHT="132" CONTENT="novus" WC="0.63" CC="65006"/>
						<SP ID="P1_SP00384" HPOS="13252" VPOS="9123" WIDTH="99"/>
						<String ID="P1_ST00444" HPOS="13351" VPOS="8957" WIDTH="1294" HEIGHT="217" CONTENT="entgegen..." WC="0.74" CC="70000036046"/>
					</TextLine>
					<TextLine ID="P1_TL00060" HPOS="8145" VPOS="9194" WIDTH="6501" HEIGHT="246">
						<String ID="P1_ST00445" HPOS="8145" VPOS="9194" WIDTH="454" HEIGHT="175" CONTENT="Man" WC="0.98" CC="104"/>
						<SP ID="P1_SP00385" HPOS="8598" VPOS="9369" WIDTH="128"/>
						<String ID="P1_ST00446" HPOS="8726" VPOS="9198" WIDTH="472" HEIGHT="175" CONTENT="wird" WC="0.83" CC="0320"/>
						<SP ID="P1_SP00386" HPOS="9198" VPOS="9373" WIDTH="128"/>
						<String ID="P1_ST00447" HPOS="9326" VPOS="9255" WIDTH="198" HEIGHT="123" CONTENT="es" WC="1.00" CC="00"/>
						<SP ID="P1_SP00387" HPOS="9524" VPOS="9378" WIDTH="132"/>
						<String ID="P1_ST00448" HPOS="9657" VPOS="9213" WIDTH="898" HEIGHT="180" CONTENT="naturlich" WC="0.74" CC="064005043"/>
						<SP ID="P1_SP00388" HPOS="10554" VPOS="9392" WIDTH="123"/>
						<String ID="P1_ST00449" HPOS="10677" VPOS="9213" WIDTH="709" HEIGHT="227" CONTENT="finden," WC="0.77" CC="6300023"/>
						<SP ID="P1_SP00389" HPOS="11386" VPOS="9439" WIDTH="137"/>
						<String ID="P1_ST00450" HPOS="11523" VPOS="9222" WIDTH="435" HEIGHT="180" CONTENT="dass" WC="0.82" CC="0600"/>
						<SP ID="P1_SP00390" HPOS="11957" VPOS="9439" WIDTH="132"/>
						<String ID="P1_ST00451" HPOS="12090" VPOS="9227" WIDTH="369" HEIGHT="180" CONTENT="den" WC="0.98" CC="005"/>
						<SP ID="P1_SP00391" HPOS="12458" VPOS="9439" WIDTH="99"/>
						<String ID="P1_ST00452" HPOS="12557" VPOS="9231" WIDTH="1120" HEIGHT="194" CONTENT="Referenten" WC="0.85" CC="0070000700"/>
						<SP ID="P1_SP00392" HPOS="13677" VPOS="9439" WIDTH="71"/>
						<String ID="P1_ST00453" HPOS="13748" VPOS="9241" WIDTH="472" HEIGHT="175" CONTENT="über" WC="0.99" CC="5000"/>
						<SP ID="P1_SP00393" HPOS="14220" VPOS="9439" WIDTH="90"/>
						<String ID="P1_ST00454" HPOS="14310" VPOS="9236" WIDTH="335" HEIGHT="180" CONTENT="das" WC="0.84" CC="040"/>
					</TextLine>
					<TextLine ID="P1_TL00061" HPOS="8135" VPOS="9477" WIDTH="6501" HEIGHT="269">
						<String ID="P1_ST00455" HPOS="8135" VPOS="9477" WIDTH="369" HEIGHT="227" CONTENT="Op." WC="0.98" CC="014"/>
						<SP ID="P1_SP00394" HPOS="8504" VPOS="9704" WIDTH="142"/>
						<String ID="P1_ST00456" HPOS="8646" VPOS="9487" WIDTH="71" HEIGHT="170" CONTENT="1" WC="0.56" CC="4"/>
						<SP ID="P1_SP00395" HPOS="8717" VPOS="9704" WIDTH="156"/>
						<String ID="P1_ST00457" HPOS="8872" VPOS="9482" WIDTH="520" HEIGHT="184" CONTENT="eines" WC="0.73" CC="07500"/>
						<SP ID="P1_SP00396" HPOS="9392" VPOS="9704" WIDTH="132"/>
						<String ID="P1_ST00458" HPOS="9524" VPOS="9491" WIDTH="1365" HEIGHT="189" CONTENT="debutirenden" WC="0.81" CC="000505005006"/>
						<SP ID="P1_SP00397" HPOS="10890" VPOS="9704" WIDTH="132"/>
						<String ID="P1_ST00459" HPOS="11022" VPOS="9506" WIDTH="1389" HEIGHT="227" CONTENT="Komponisten" WC="0.77" CC="04602410004"/>
						<SP ID="P1_SP00398" HPOS="12411" VPOS="9732" WIDTH="137"/>
						<String ID="P1_ST00460" HPOS="12548" VPOS="9515" WIDTH="420" HEIGHT="180" CONTENT="eine" WC="0.76" CC="0350"/>
						<SP ID="P1_SP00399" HPOS="12969" VPOS="9732" WIDTH="132"/>
						<String ID="P1_ST00461" HPOS="13101" VPOS="9524" WIDTH="822" HEIGHT="222" CONTENT="gewisse" WC="0.86" CC="0006200"/>
						<SP ID="P1_SP00400" HPOS="13923" VPOS="9746" WIDTH="113"/>
						<String ID="P1_ST00462" HPOS="14036" VPOS="9524" WIDTH="600" HEIGHT="180" CONTENT="Scheu" WC="0.83" CC="00008"/>
					</TextLine>
					<TextLine ID="P1_TL00062" HPOS="8135" VPOS="9770" WIDTH="6506" HEIGHT="260">
						<String ID="P1_ST00463" HPOS="8135" VPOS="9813" WIDTH="331" HEIGHT="128" CONTENT="vor" WC="1.00" CC="000"/>
						<SP ID="P1_SP00401" HPOS="8466" VPOS="9940" WIDTH="123"/>
						<String ID="P1_ST00464" HPOS="8589" VPOS="9770" WIDTH="326" HEIGHT="175" CONTENT="der" WC="1.00" CC="000"/>
						<SP ID="P1_SP00402" HPOS="8915" VPOS="9945" WIDTH="132"/>
						<String ID="P1_ST00465" HPOS="9047" VPOS="9780" WIDTH="1748" HEIGHT="236" CONTENT="Veroffentlichung" WC="0.78" CC="0000320703010660"/>
						<SP ID="P1_SP00403" HPOS="10795" VPOS="10016" WIDTH="184"/>
						<String ID="P1_ST00466" HPOS="10980" VPOS="9789" WIDTH="619" HEIGHT="180" CONTENT="seiner" WC="0.86" CC="000800"/>
						<SP ID="P1_SP00404" HPOS="11598" VPOS="10016" WIDTH="180"/>
						<String ID="P1_ST00467" HPOS="11778" VPOS="9798" WIDTH="935" HEIGHT="227" CONTENT="Meinung" WC="0.76" CC="2005430"/>
						<SP ID="P1_SP00405" HPOS="12713" VPOS="10025" WIDTH="142"/>
						<String ID="P1_ST00468" HPOS="12855" VPOS="9803" WIDTH="917" HEIGHT="227" CONTENT="úberfállt," WC="0.64" CC="7000775070"/>
						<SP ID="P1_SP00406" HPOS="13772" VPOS="10030" WIDTH="165"/>
						<String ID="P1_ST00469" HPOS="13937" VPOS="9865" WIDTH="317" HEIGHT="123" CONTENT="um" WC="0.66" CC="60"/>
						<SP ID="P1_SP00407" HPOS="14254" VPOS="10030" WIDTH="175"/>
						<String ID="P1_ST00470" HPOS="14428" VPOS="9865" WIDTH="213" HEIGHT="123" CONTENT="so" WC="1.00" CC="00"/>
					</TextLine>
					<TextLine ID="P1_TL00063" HPOS="8145" VPOS="10054" WIDTH="6492" HEIGHT="217">
						<String ID="P1_ST00471" HPOS="8145" VPOS="10054" WIDTH="576" HEIGHT="213" CONTENT="mehr," WC="0.84" CC="00700"/>
						<SP ID="P1_SP00408" HPOS="8721" VPOS="10266" WIDTH="99"/>
						<String ID="P1_ST00472" HPOS="8820" VPOS="10110" WIDTH="548" HEIGHT="128" CONTENT="wenn" WC="0.67" CC="2054"/>
						<SP ID="P1_SP00409" HPOS="9369" VPOS="10266" WIDTH="109"/>
						<String ID="P1_ST00473" HPOS="9477" VPOS="10058" WIDTH="326" HEIGHT="184" CONTENT="der" WC="0.99" CC="030"/>
						<SP ID="P1_SP00410" HPOS="9803" VPOS="10266" WIDTH="132"/>
						<String ID="P1_ST00474" HPOS="9935" VPOS="10068" WIDTH="992" HEIGHT="184" CONTENT="Dichter" WC="0.85" CC="4500000"/>
						<SP ID="P1_SP00411" HPOS="10928" VPOS="10266" WIDTH="132"/>
						<String ID="P1_ST00475" HPOS="11060" VPOS="10082" WIDTH="534" HEIGHT="175" CONTENT="eine" WC="0.81" CC="0520"/>
						<SP ID="P1_SP00412" HPOS="11594" VPOS="10266" WIDTH="151"/>
						<String ID="P1_ST00476" HPOS="11745" VPOS="10082" WIDTH="1101" HEIGHT="184" CONTENT="áusserst" WC="0.81" CC="95000000"/>
						<SP ID="P1_SP00413" HPOS="12846" VPOS="10266" WIDTH="123"/>
						<String ID="P1_ST00477" HPOS="12969" VPOS="10091" WIDTH="1668" HEIGHT="180" CONTENT="interessante" WC="0.96" CC="100000003000"/>
					</TextLine>
					<TextLine ID="P1_TL00064" HPOS="8135" VPOS="10342" WIDTH="6487" HEIGHT="255">
						<String ID="P1_ST00478" HPOS="8135" VPOS="10342" WIDTH="1446" HEIGHT="184" CONTENT="artistische" WC="0.88" CC="00000050070"/>
						<SP ID="P1_SP00414" HPOS="9581" VPOS="10526" WIDTH="142"/>
						<String ID="P1_ST00479" HPOS="9723" VPOS="10351" WIDTH="2017" HEIGHT="236" CONTENT="Persónlichkeit," WC="0.78" CC="700080340000620"/>
						<SP ID="P1_SP00415" HPOS="11740" VPOS="10587" WIDTH="170"/>
						<String ID="P1_ST00480" HPOS="11910" VPOS="10422" WIDTH="312" HEIGHT="123" CONTENT="um" WC="0.77" CC="40"/>
						<SP ID="P1_SP00416" HPOS="12222" VPOS="10587" WIDTH="170"/>
						<String ID="P1_ST00481" HPOS="12392" VPOS="10427" WIDTH="217" HEIGHT="123" CONTENT="so" WC="0.82" CC="03"/>
						<SP ID="P1_SP00417" HPOS="12609" VPOS="10587" WIDTH="180"/>
						<String ID="P1_ST00482" HPOS="12789" VPOS="10375" WIDTH="572" HEIGHT="222" CONTENT="mehr," WC="0.85" CC="00600"/>
						<SP ID="P1_SP00418" HPOS="13361" VPOS="10597" WIDTH="175"/>
						<String ID="P1_ST00483" HPOS="13535" VPOS="10431" WIDTH="553" HEIGHT="128" CONTENT="wenn" WC="0.70" CC="4033"/>
						<SP ID="P1_SP00419" HPOS="14088" VPOS="10597" WIDTH="137"/>
						<String ID="P1_ST00484" HPOS="14225" VPOS="10389" WIDTH="397" HEIGHT="170" CONTENT="sein" WC="1.00" CC="0000"/>
					</TextLine>
					<TextLine ID="P1_TL00065" HPOS="8135" VPOS="10625" WIDTH="6468" HEIGHT="260">
						<String ID="P1_ST00485" HPOS="8135" VPOS="10625" WIDTH="562" HEIGHT="180" CONTENT="Werk" WC="0.83" CC="6000"/>
						<SP ID="P1_SP00420" HPOS="8698" VPOS="10805" WIDTH="128"/>
						<String ID="P1_ST00486" HPOS="8825" VPOS="10635" WIDTH="614" HEIGHT="175" CONTENT="neben" WC="1.00" CC="00000"/>
						<SP ID="P1_SP00421" HPOS="9439" VPOS="10809" WIDTH="132"/>
						<String ID="P1_ST00487" HPOS="9572" VPOS="10691" WIDTH="217" HEIGHT="118" CONTENT="so" WC="1.00" CC="00"/>
						<SP ID="P1_SP00422" HPOS="9789" VPOS="10809" WIDTH="123"/>
						<String ID="P1_ST00488" HPOS="9912" VPOS="10639" WIDTH="359" HEIGHT="175" CONTENT="viel" WC="0.79" CC="0205"/>
						<SP ID="P1_SP00423" HPOS="10271" VPOS="10814" WIDTH="132"/>
						<String ID="P1_ST00489" HPOS="10403" VPOS="10644" WIDTH="586" HEIGHT="180" CONTENT="schón" WC="0.77" CC="30080"/>
						<SP ID="P1_SP00424" HPOS="10989" VPOS="10824" WIDTH="132"/>
						<String ID="P1_ST00490" HPOS="11121" VPOS="10654" WIDTH="383" HEIGHT="170" CONTENT="und" WC="0.87" CC="300"/>
						<SP ID="P1_SP00425" HPOS="11504" VPOS="10824" WIDTH="90"/>
						<String ID="P1_ST00491" HPOS="11594" VPOS="10658" WIDTH="1294" HEIGHT="222" CONTENT="ursprunglich" WC="0.81" CC="500006301500"/>
						<SP ID="P1_SP00426" HPOS="12888" VPOS="10880" WIDTH="99"/>
						<String ID="P1_ST00492" HPOS="12987" VPOS="10663" WIDTH="1096" HEIGHT="222" CONTENT="Gedenken," WC="0.88" CC="600000040"/>
						<SP ID="P1_SP00427" HPOS="14083" VPOS="10885" WIDTH="104"/>
						<String ID="P1_ST00493" HPOS="14187" VPOS="10720" WIDTH="416" HEIGHT="123" CONTENT="zum" WC="0.81" CC="050"/>
					</TextLine>
					<TextLine ID="P1_TL00066" HPOS="8135" VPOS="10904" WIDTH="6501" HEIGHT="250">
						<String ID="P1_ST00494" HPOS="8135" VPOS="10904" WIDTH="529" HEIGHT="175" CONTENT="Theil" WC="0.78" CC="50004"/>
						<SP ID="P1_SP00428" HPOS="8665" VPOS="11079" WIDTH="132"/>
						<String ID="P1_ST00495" HPOS="8797" VPOS="10913" WIDTH="1101" HEIGHT="180" CONTENT="musterhaft" WC="0.85" CC="0340000060"/>
						<SP ID="P1_SP00429" HPOS="9898" VPOS="11093" WIDTH="94"/>
						<String ID="P1_ST00496" HPOS="9992" VPOS="10923" WIDTH="1611" HEIGHT="231" CONTENT="Komponiertem," WC="0.93" CC="1000102300000"/>
						<SP ID="P1_SP00430" HPOS="11603" VPOS="11154" WIDTH="132"/>
						<String ID="P1_ST00497" HPOS="11735" VPOS="10937" WIDTH="1488" HEIGHT="184" CONTENT="Auswuchse" WC="0.94" CC="010030000"/>
						<SP ID="P1_SP00431" HPOS="13224" VPOS="11154" WIDTH="132"/>
						<String ID="P1_ST00498" HPOS="13356" VPOS="10951" WIDTH="1280" HEIGHT="180" CONTENT="moderner" WC="0.92" CC="03000200"/>
					</TextLine>
					<TextLine ID="P1_TL00067" HPOS="8131" VPOS="11187" WIDTH="6501" HEIGHT="279">
						<String ID="P1_ST00499" HPOS="8131" VPOS="11187" WIDTH="2546" HEIGHT="236" CONTENT="Anschauungsweise" WC="0.82" CC="1200506500001500"/>
						<SP ID="P1_SP00432" HPOS="10677" VPOS="11424" WIDTH="128"/>
						<String ID="P1_ST00500" HPOS="10805" VPOS="11211" WIDTH="184" HEIGHT="170" CONTENT="in" WC="0.52" CC="26"/>
						<SP ID="P1_SP00433" HPOS="10989" VPOS="11424" WIDTH="94"/>
						<String ID="P1_ST00501" HPOS="11083" VPOS="11216" WIDTH="482" HEIGHT="175" CONTENT="ihrer" WC="0.91" CC="00004"/>
						<SP ID="P1_SP00434" HPOS="11565" VPOS="11424" WIDTH="132"/>
						<String ID="P1_ST00502" HPOS="11698" VPOS="11230" WIDTH="1479" HEIGHT="180" CONTENT="extremsten" WC="0.95" CC="0000000004"/>
						<SP ID="P1_SP00435" HPOS="13176" VPOS="11424" WIDTH="132"/>
						<String ID="P1_ST00503" HPOS="13309" VPOS="11225" WIDTH="1323" HEIGHT="241" CONTENT="Ausdehnung" WC="0.80" CC="0200073600"/>
					</TextLine>
					<TextLine ID="P1_TL00068" HPOS="8126" VPOS="11471" WIDTH="6506" HEIGHT="232">
						<String ID="P1_ST00504" HPOS="8126" VPOS="11471" WIDTH="383" HEIGHT="175" CONTENT="und" WC="0.91" CC="020"/>
						<SP ID="P1_SP00436" HPOS="8509" VPOS="11646" WIDTH="128"/>
						<String ID="P1_ST00505" HPOS="8636" VPOS="11476" WIDTH="326" HEIGHT="175" CONTENT="der" WC="0.99" CC="002"/>
						<SP ID="P1_SP00437" HPOS="8962" VPOS="11650" WIDTH="128"/>
						<String ID="P1_ST00506" HPOS="9090" VPOS="11480" WIDTH="1564" HEIGHT="189" CONTENT="absonderlichen" WC="0.89" CC="00010000050008"/>
						<SP ID="P1_SP00438" HPOS="10654" VPOS="11669" WIDTH="137"/>
						<String ID="P1_ST00507" HPOS="10791" VPOS="11499" WIDTH="331" HEIGHT="175" CONTENT="Art" WC="1.00" CC="000"/>
						<SP ID="P1_SP00439" HPOS="11121" VPOS="11674" WIDTH="128"/>
						<String ID="P1_ST00508" HPOS="11249" VPOS="11509" WIDTH="756" HEIGHT="180" CONTENT="enthált." WC="0.71" CC="00407504"/>
						<SP ID="P1_SP00440" HPOS="12005" VPOS="11688" WIDTH="137"/>
						<String ID="P1_ST00509" HPOS="12142" VPOS="11509" WIDTH="359" HEIGHT="180" CONTENT="Die" WC="0.97" CC="600"/>
						<SP ID="P1_SP00441" HPOS="12501" VPOS="11688" WIDTH="94"/>
						<String ID="P1_ST00510" HPOS="12595" VPOS="11518" WIDTH="1124" HEIGHT="180" CONTENT="wunderbar" WC="0.84" CC="043000060"/>
						<SP ID="P1_SP00442" HPOS="13720" VPOS="11698" WIDTH="109"/>
						<String ID="P1_ST00511" HPOS="13828" VPOS="11528" WIDTH="690" HEIGHT="175" CONTENT="tráume" SUBS_TYPE="HypPart1" SUBS_CONTENT="tráumerische" WC="0.69" CC="037410"/>
						<HYP HPOS="14518" VPOS="11528" WIDTH="113" CONTENT="-"/>
					</TextLine>
					<TextLine ID="P1_TL00069" HPOS="8117" VPOS="11759" WIDTH="6506" HEIGHT="274">
						<String ID="P1_ST00512" HPOS="8117" VPOS="11759" WIDTH="600" HEIGHT="180" CONTENT="rische" SUBS_TYPE="HypPart2" SUBS_CONTENT="tráumerische" WC="1.00" CC="000000"/>
						<SP ID="P1_SP00443" HPOS="8717" VPOS="11939" WIDTH="142"/>
						<String ID="P1_ST00513" HPOS="8858" VPOS="11769" WIDTH="676" HEIGHT="180" CONTENT="Poesie" WC="0.99" CC="700030"/>
						<SP ID="P1_SP00444" HPOS="9534" VPOS="11948" WIDTH="132"/>
						<String ID="P1_ST00514" HPOS="9666" VPOS="11773" WIDTH="335" HEIGHT="175" CONTENT="des" WC="1.00" CC="000"/>
						<SP ID="P1_SP00445" HPOS="10002" VPOS="11948" WIDTH="123"/>
						<String ID="P1_ST00515" HPOS="10124" VPOS="11783" WIDTH="931" HEIGHT="227" CONTENT="genialen," WC="0.85" CC="000433011"/>
						<SP ID="P1_SP00446" HPOS="11055" VPOS="12009" WIDTH="104"/>
						<String ID="P1_ST00516" HPOS="11159" VPOS="11787" WIDTH="454" HEIGHT="180" CONTENT="aber" WC="1.00" CC="0000"/>
						<SP ID="P1_SP00447" HPOS="11613" VPOS="12009" WIDTH="85"/>
						<String ID="P1_ST00517" HPOS="11698" VPOS="11792" WIDTH="354" HEIGHT="184" CONTENT="fast" WC="0.86" CC="5000"/>
						<SP ID="P1_SP00448" HPOS="12052" VPOS="12009" WIDTH="94"/>
						<String ID="P1_ST00518" HPOS="12146" VPOS="11802" WIDTH="454" HEIGHT="175" CONTENT="stets" WC="0.81" CC="35000"/>
						<SP ID="P1_SP00449" HPOS="12600" VPOS="12009" WIDTH="85"/>
						<String ID="P1_ST00519" HPOS="12685" VPOS="11802" WIDTH="992" HEIGHT="180" CONTENT="fieberisch" WC="0.77" CC="7205002004"/>
						<SP ID="P1_SP00450" HPOS="13677" VPOS="12009" WIDTH="99"/>
						<String ID="P1_ST00520" HPOS="13776" VPOS="11816" WIDTH="846" HEIGHT="217" CONTENT="erregten" WC="0.96" CC="00000002"/>
					</TextLine>
					<TextLine ID="P1_TL00070" HPOS="8126" VPOS="12047" WIDTH="6477" HEIGHT="246">
						<String ID="P1_ST00521" HPOS="8126" VPOS="12047" WIDTH="997" HEIGHT="231" CONTENT="Chopin," WC="1.00" CC="0000700"/>
						<SP ID="P1_SP00451" HPOS="9123" VPOS="12279" WIDTH="132"/>
						<String ID="P1_ST00522" HPOS="9255" VPOS="12057" WIDTH="302" HEIGHT="175" CONTENT="die" WC="0.99" CC="000"/>
						<SP ID="P1_SP00452" HPOS="9557" VPOS="12279" WIDTH="132"/>
						<String ID="P1_ST00523" HPOS="9690" VPOS="12061" WIDTH="1365" HEIGHT="231" CONTENT="eigensinnige," WC="0.81" CC="1000502005007"/>
						<SP ID="P1_SP00453" HPOS="11055" VPOS="12293" WIDTH="137"/>
						<String ID="P1_ST00524" HPOS="11192" VPOS="12076" WIDTH="496" HEIGHT="180" CONTENT="nicht" WC="0.92" CC="03000"/>
						<SP ID="P1_SP00454" HPOS="11688" VPOS="12293" WIDTH="170"/>
						<String ID="P1_ST00525" HPOS="11858" VPOS="12080" WIDTH="595" HEIGHT="184" CONTENT="selten" WC="0.80" CC="004700"/>
						<SP ID="P1_SP00455" HPOS="12454" VPOS="12293" WIDTH="189"/>
						<String ID="P1_ST00526" HPOS="12643" VPOS="12090" WIDTH="931" HEIGHT="180" CONTENT="abstrakte" WC="0.99" CC="420700000"/>
						<SP ID="P1_SP00456" HPOS="13573" VPOS="12293" WIDTH="137"/>
						<String ID="P1_ST00527" HPOS="13710" VPOS="12099" WIDTH="893" HEIGHT="180" CONTENT="Griibelei" WC="0.53" CC="556850315"/>
					</TextLine>
					<TextLine ID="P1_TL00071" HPOS="8117" VPOS="12340" WIDTH="6487" HEIGHT="232">
						<String ID="P1_ST00528" HPOS="8117" VPOS="12340" WIDTH="335" HEIGHT="175" CONTENT="des" WC="1.00" CC="000"/>
						<SP ID="P1_SP00457" HPOS="8452" VPOS="12515" WIDTH="128"/>
						<String ID="P1_ST00529" HPOS="8580" VPOS="12345" WIDTH="931" HEIGHT="227" CONTENT="sinnigen," WC="0.87" CC="004020050"/>
						<SP ID="P1_SP00458" HPOS="9510" VPOS="12572" WIDTH="132"/>
						<String ID="P1_ST00530" HPOS="9643" VPOS="12354" WIDTH="444" HEIGHT="180" CONTENT="aber" WC="1.00" CC="0000"/>
						<SP ID="P1_SP00459" HPOS="10087" VPOS="12572" WIDTH="128"/>
						<String ID="P1_ST00531" HPOS="10214" VPOS="12359" WIDTH="501" HEIGHT="175" CONTENT="nicht" WC="0.73" CC="10605"/>
						<SP ID="P1_SP00460" HPOS="10715" VPOS="12572" WIDTH="132"/>
						<String ID="P1_ST00532" HPOS="10847" VPOS="12364" WIDTH="671" HEIGHT="180" CONTENT="immer" WC="0.93" CC="30000"/>
						<SP ID="P1_SP00461" HPOS="11518" VPOS="12572" WIDTH="118"/>
						<String ID="P1_ST00533" HPOS="11636" VPOS="12369" WIDTH="392" HEIGHT="180" CONTENT="rein" WC="0.82" CC="0060"/>
						<SP ID="P1_SP00462" HPOS="12028" VPOS="12572" WIDTH="137"/>
						<String ID="P1_ST00534" HPOS="12165" VPOS="12378" WIDTH="1191" HEIGHT="184" CONTENT="musikalisch" WC="0.85" CC="05010304000"/>
						<SP ID="P1_SP00463" HPOS="13356" VPOS="12572" WIDTH="113"/>
						<String ID="P1_ST00535" HPOS="13469" VPOS="12383" WIDTH="1134" HEIGHT="184" CONTENT="bleibenden" WC="0.79" CC="5605004000"/>
					</TextLine>
					<TextLine ID="P1_TL00072" HPOS="8117" VPOS="12624" WIDTH="6496" HEIGHT="231">
						<String ID="P1_ST00536" HPOS="8117" VPOS="12624" WIDTH="1370" HEIGHT="184" CONTENT="Schumann" WC="0.79" CC="00050604"/>
						<SP ID="P1_SP00464" HPOS="9487" VPOS="12808" WIDTH="132"/>
						<String ID="P1_ST00537" HPOS="9619" VPOS="12633" WIDTH="822" HEIGHT="189" CONTENT="konnten" WC="0.92" CC="0050000"/>
						<SP ID="P1_SP00465" HPOS="10441" VPOS="12822" WIDTH="137"/>
						<String ID="P1_ST00538" HPOS="10578" VPOS="12643" WIDTH="180" HEIGHT="180" CONTENT="in" WC="0.60" CC="34"/>
						<SP ID="P1_SP00466" HPOS="10757" VPOS="12822" WIDTH="137"/>
						<String ID="P1_ST00539" HPOS="10894" VPOS="12647" WIDTH="326" HEIGHT="180" CONTENT="der" WC="1.00" CC="000"/>
						<SP ID="P1_SP00467" HPOS="11220" VPOS="12827" WIDTH="128"/>
						<String ID="P1_ST00540" HPOS="11348" VPOS="12657" WIDTH="898" HEIGHT="180" CONTENT="Literatur" WC="1.00" CC="400000080"/>
						<SP ID="P1_SP00468" HPOS="12246" VPOS="12836" WIDTH="123"/>
						<String ID="P1_ST00541" HPOS="12369" VPOS="12666" WIDTH="321" HEIGHT="170" CONTENT="der" WC="1.00" CC="000"/>
						<SP ID="P1_SP00469" HPOS="12690" VPOS="12836" WIDTH="76"/>
						<String ID="P1_ST00542" HPOS="12765" VPOS="12671" WIDTH="1039" HEIGHT="184" CONTENT="modernen" WC="0.84" CC="00000606"/>
						<SP ID="P1_SP00470" HPOS="13805" VPOS="12855" WIDTH="132"/>
						<String ID="P1_ST00543" HPOS="13937" VPOS="12671" WIDTH="567" HEIGHT="184" CONTENT="Piano" SUBS_TYPE="HypPart1" SUBS_CONTENT="Pianoforte-Musik" WC="0.71" CC="64000"/>
						<HYP HPOS="14504" VPOS="12671" WIDTH="109" CONTENT="-"/>
					</TextLine>
					<TextLine ID="P1_TL00073" HPOS="8102" VPOS="12921" WIDTH="6506" HEIGHT="260">
						<String ID="P1_ST00544" HPOS="8102" VPOS="12921" WIDTH="1205" HEIGHT="180" CONTENT="forte-Musik" SUBS_TYPE="HypPart2" SUBS_CONTENT="Pianoforte-Musik" WC="0.79" CC="43000526000"/>
						<SP ID="P1_SP00471" HPOS="9307" VPOS="13101" WIDTH="203"/>
						<String ID="P1_ST00545" HPOS="9510" VPOS="12935" WIDTH="907" HEIGHT="175" CONTENT="naturlich" WC="0.70" CC="590104500"/>
						<SP ID="P1_SP00472" HPOS="10417" VPOS="13110" WIDTH="194"/>
						<String ID="P1_ST00546" HPOS="10611" VPOS="12935" WIDTH="510" HEIGHT="180" CONTENT="nicht" WC="0.94" CC="20000"/>
						<SP ID="P1_SP00473" HPOS="11121" VPOS="13115" WIDTH="180"/>
						<String ID="P1_ST00547" HPOS="11301" VPOS="12945" WIDTH="510" HEIGHT="184" CONTENT="ohne" WC="0.99" CC="3030"/>
						<SP ID="P1_SP00474" HPOS="11811" VPOS="13129" WIDTH="165"/>
						<String ID="P1_ST00548" HPOS="11976" VPOS="12954" WIDTH="1238" HEIGHT="227" CONTENT="nachhaltige," WC="0.83" CC="600000147000"/>
						<SP ID="P1_SP00475" HPOS="13214" VPOS="13181" WIDTH="189"/>
						<String ID="P1_ST00549" HPOS="13403" VPOS="12969" WIDTH="1205" HEIGHT="180" CONTENT="wesentliche" WC="0.85" CC="01000652000"/>
					</TextLine>
					<TextLine ID="P1_TL00074" HPOS="8107" VPOS="13200" WIDTH="6506" HEIGHT="251">
						<String ID="P1_ST00550" HPOS="8107" VPOS="13200" WIDTH="935" HEIGHT="231" CONTENT="Wirkung" WC="0.84" CC="4600000"/>
						<SP ID="P1_SP00476" HPOS="9043" VPOS="13431" WIDTH="123"/>
						<String ID="P1_ST00551" HPOS="9165" VPOS="13209" WIDTH="808" HEIGHT="184" CONTENT="bleiben." WC="0.73" CC="14046004"/>
						<SP ID="P1_SP00477" HPOS="9973" VPOS="13431" WIDTH="255"/>
						<String ID="P1_ST00552" HPOS="10228" VPOS="13219" WIDTH="454" HEIGHT="180" CONTENT="Eine" WC="0.76" CC="6300"/>
						<SP ID="P1_SP00478" HPOS="10682" VPOS="13431" WIDTH="165"/>
						<String ID="P1_ST00553" HPOS="10847" VPOS="13224" WIDTH="425" HEIGHT="227" CONTENT="jede" WC="1.00" CC="2000"/>
						<SP ID="P1_SP00479" HPOS="11272" VPOS="13450" WIDTH="170"/>
						<String ID="P1_ST00554" HPOS="11443" VPOS="13280" WIDTH="543" HEIGHT="170" CONTENT="neue," WC="0.87" CC="00600"/>
						<SP ID="P1_SP00480" HPOS="11986" VPOS="13450" WIDTH="151"/>
						<String ID="P1_ST00555" HPOS="12137" VPOS="13243" WIDTH="1512" HEIGHT="180" CONTENT="úberraschende" WC="0.88" CC="7300040000000"/>
						<SP ID="P1_SP00481" HPOS="13649" VPOS="13450" WIDTH="128"/>
						<String ID="P1_ST00556" HPOS="13776" VPOS="13247" WIDTH="732" HEIGHT="180" CONTENT="Erschei" SUBS_TYPE="HypPart1" SUBS_CONTENT="Erscheinung" WC="0.77" CC="7010005"/>
						<HYP HPOS="14509" VPOS="13247" WIDTH="104" CONTENT="-"/>
					</TextLine>
					<TextLine ID="P1_TL00075" HPOS="8107" VPOS="13493" WIDTH="6501" HEIGHT="260">
						<String ID="P1_ST00557" HPOS="8107" VPOS="13540" WIDTH="524" HEIGHT="175" CONTENT="nung" SUBS_TYPE="HypPart2" SUBS_CONTENT="Erscheinung" WC="0.70" CC="2350"/>
						<SP ID="P1_SP00482" HPOS="8631" VPOS="13715" WIDTH="123"/>
						<String ID="P1_ST00558" HPOS="8754" VPOS="13545" WIDTH="302" HEIGHT="123" CONTENT="am" WC="0.96" CC="00"/>
						<SP ID="P1_SP00483" HPOS="9057" VPOS="13715" WIDTH="175"/>
						<String ID="P1_ST00559" HPOS="9231" VPOS="13493" WIDTH="1394" HEIGHT="189" CONTENT="Kunsthimmel" WC="0.88" CC="25000010003"/>
						<SP ID="P1_SP00484" HPOS="10625" VPOS="13715" WIDTH="170"/>
						<String ID="P1_ST00560" HPOS="10795" VPOS="13512" WIDTH="359" HEIGHT="175" CONTENT="ruft" WC="0.79" CC="0350"/>
						<SP ID="P1_SP00485" HPOS="11154" VPOS="13715" WIDTH="170"/>
						<String ID="P1_ST00561" HPOS="11324" VPOS="13512" WIDTH="298" HEIGHT="180" CONTENT="die" WC="0.82" CC="050"/>
						<SP ID="P1_SP00486" HPOS="11622" VPOS="13715" WIDTH="184"/>
						<String ID="P1_ST00562" HPOS="11806" VPOS="13521" WIDTH="1384" HEIGHT="231" CONTENT="Nachahinung" WC="0.81" CC="06000060150"/>
						<SP ID="P1_SP00487" HPOS="13191" VPOS="13753" WIDTH="161"/>
						<String ID="P1_ST00563" HPOS="13351" VPOS="13535" WIDTH="643" HEIGHT="208" CONTENT="wach;" WC="0.93" CC="00003"/>
						<SP ID="P1_SP00488" HPOS="13994" VPOS="13753" WIDTH="175"/>
						<String ID="P1_ST00564" HPOS="14169" VPOS="13540" WIDTH="439" HEIGHT="175" CONTENT="aber" WC="0.71" CC="8300"/>
					</TextLine>
					<TextLine ID="P1_TL00076" HPOS="8112" VPOS="13776" WIDTH="6491" HEIGHT="265">
						<String ID="P1_ST00565" HPOS="8112" VPOS="13776" WIDTH="1134" HEIGHT="227" CONTENT="Chopini" WC="0.99" CC="1000068"/>
						<SP ID="P1_SP00489" HPOS="9246" VPOS="14003" WIDTH="132"/>
						<String ID="P1_ST00566" HPOS="9378" VPOS="13786" WIDTH="713" HEIGHT="227" CONTENT="einzige" WC="0.84" CC="0600400"/>
						<SP ID="P1_SP00490" HPOS="10091" VPOS="14013" WIDTH="132"/>
						<String ID="P1_ST00567" HPOS="10224" VPOS="13791" WIDTH="1309" HEIGHT="231" CONTENT="Musikpoesie" WC="0.90" CC="01040000040"/>
						<SP ID="P1_SP00491" HPOS="11532" VPOS="14022" WIDTH="165"/>
						<String ID="P1_ST00568" HPOS="11698" VPOS="13800" WIDTH="236" HEIGHT="180" CONTENT="ist" WC="0.81" CC="500"/>
						<SP ID="P1_SP00492" HPOS="11934" VPOS="14022" WIDTH="170"/>
						<String ID="P1_ST00569" HPOS="12104" VPOS="13857" WIDTH="217" HEIGHT="123" CONTENT="so" WC="1.00" CC="00"/>
						<SP ID="P1_SP00493" HPOS="12321" VPOS="14022" WIDTH="123"/>
						<String ID="P1_ST00570" HPOS="12444" VPOS="13861" WIDTH="487" HEIGHT="170" CONTENT="ganz" WC="0.80" CC="0430"/>
						<SP ID="P1_SP00494" HPOS="12931" VPOS="14031" WIDTH="161"/>
						<String ID="P1_ST00571" HPOS="13091" VPOS="13814" WIDTH="392" HEIGHT="175" CONTENT="und" WC="0.78" CC="600"/>
						<SP ID="P1_SP00495" HPOS="13483" VPOS="14031" WIDTH="165"/>
						<String ID="P1_ST00572" HPOS="13649" VPOS="13871" WIDTH="335" HEIGHT="170" CONTENT="gar" WC="0.84" CC="040"/>
						<SP ID="P1_SP00496" HPOS="13984" VPOS="14041" WIDTH="161"/>
						<String ID="P1_ST00573" HPOS="14145" VPOS="13824" WIDTH="369" HEIGHT="175" CONTENT="indi" SUBS_TYPE="HypPart1" SUBS_CONTENT="individuell" WC="0.61" CC="3505"/>
						<HYP HPOS="14513" VPOS="13824" WIDTH="90" CONTENT="-"/>
					</TextLine>
					<TextLine ID="P1_TL00077" HPOS="8098" VPOS="14065" WIDTH="6506" HEIGHT="250">
						<String ID="P1_ST00574" HPOS="8098" VPOS="14065" WIDTH="694" HEIGHT="180" CONTENT="viduell" SUBS_TYPE="HypPart2" SUBS_CONTENT="individuell" WC="0.80" CC="0004063"/>
						<SP ID="P1_SP00497" HPOS="8792" VPOS="14244" WIDTH="132"/>
						<String ID="P1_ST00575" HPOS="8924" VPOS="14069" WIDTH="387" HEIGHT="175" CONTENT="und" WC="0.57" CC="750"/>
						<SP ID="P1_SP00498" HPOS="9312" VPOS="14244" WIDTH="132"/>
						<String ID="P1_ST00576" HPOS="9444" VPOS="14079" WIDTH="676" HEIGHT="217" CONTENT="genial," WC="0.78" CC="0051060"/>
						<SP ID="P1_SP00499" HPOS="10120" VPOS="14296" WIDTH="137"/>
						<String ID="P1_ST00577" HPOS="10257" VPOS="14079" WIDTH="444" HEIGHT="175" CONTENT="dass" WC="0.95" CC="0001"/>
						<SP ID="P1_SP00500" HPOS="10701" VPOS="14296" WIDTH="132"/>
						<String ID="P1_ST00578" HPOS="10833" VPOS="14079" WIDTH="335" HEIGHT="180" CONTENT="des" WC="1.00" CC="000"/>
						<SP ID="P1_SP00501" HPOS="11169" VPOS="14296" WIDTH="170"/>
						<String ID="P1_ST00579" HPOS="11339" VPOS="14088" WIDTH="855" HEIGHT="227" CONTENT="einzigen" WC="0.74" CC="06331005"/>
						<SP ID="P1_SP00502" HPOS="12194" VPOS="14315" WIDTH="175"/>
						<String ID="P1_ST00580" HPOS="12369" VPOS="14093" WIDTH="954" HEIGHT="180" CONTENT="Pianisten" WC="0.74" CC="640500006"/>
						<SP ID="P1_SP00503" HPOS="13323" VPOS="14315" WIDTH="175"/>
						<String ID="P1_ST00581" HPOS="13498" VPOS="14098" WIDTH="983" HEIGHT="184" CONTENT="Unnahbar" SUBS_TYPE="HypPart1" SUBS_CONTENT="Unnahbarkeit" WC="0.84" CC="14400000"/>
						<HYP HPOS="14480" VPOS="14098" WIDTH="123" CONTENT="-"/>
					</TextLine>
					<TextLine ID="P1_TL00078" HPOS="8102" VPOS="14343" WIDTH="6501" HEIGHT="228">
						<String ID="P1_ST00582" HPOS="8102" VPOS="14343" WIDTH="364" HEIGHT="180" CONTENT="keit" SUBS_TYPE="HypPart2" SUBS_CONTENT="Unnahbarkeit" WC="0.90" CC="0040"/>
						<SP ID="P1_SP00504" HPOS="8466" VPOS="14523" WIDTH="198"/>
						<String ID="P1_ST00583" HPOS="8665" VPOS="14348" WIDTH="548" HEIGHT="175" CONTENT="leicht" WC="0.88" CC="001050"/>
						<SP ID="P1_SP00505" HPOS="9213" VPOS="14523" WIDTH="165"/>
						<String ID="P1_ST00584" HPOS="9378" VPOS="14405" WIDTH="227" HEIGHT="118" CONTENT="zu" WC="1.00" CC="00"/>
						<SP ID="P1_SP00506" HPOS="9605" VPOS="14523" WIDTH="184"/>
						<String ID="P1_ST00585" HPOS="9789" VPOS="14362" WIDTH="865" HEIGHT="175" CONTENT="unklarer" WC="0.81" CC="04035001"/>
						<SP ID="P1_SP00507" HPOS="10654" VPOS="14537" WIDTH="180"/>
						<String ID="P1_ST00586" HPOS="10833" VPOS="14367" WIDTH="2098" HEIGHT="189" CONTENT="Verschwommenheit" WC="0.95" CC="0000030000000030"/>
						<SP ID="P1_SP00508" HPOS="12931" VPOS="14556" WIDTH="180"/>
						<String ID="P1_ST00587" HPOS="13110" VPOS="14381" WIDTH="548" HEIGHT="184" CONTENT="fúhrt." WC="0.73" CC="460004"/>
						<SP ID="P1_SP00509" HPOS="13658" VPOS="14565" WIDTH="246"/>
						<String ID="P1_ST00588" HPOS="13904" VPOS="14391" WIDTH="562" HEIGHT="180" CONTENT="Schu" SUBS_TYPE="HypPart1" SUBS_CONTENT="Schumanns" WC="0.91" CC="0000"/>
						<HYP HPOS="14466" VPOS="14391" WIDTH="137" CONTENT="-"/>
					</TextLine>
					<TextLine ID="P1_TL00079" HPOS="8102" VPOS="14646" WIDTH="6492" HEIGHT="260">
						<String ID="P1_ST00589" HPOS="8102" VPOS="14683" WIDTH="808" HEIGHT="123" CONTENT="manns" SUBS_TYPE="HypPart2" SUBS_CONTENT="Schumanns" WC="0.70" CC="30550"/>
						<SP ID="P1_SP00510" HPOS="8910" VPOS="14806" WIDTH="137"/>
						<String ID="P1_ST00590" HPOS="9047" VPOS="14646" WIDTH="1186" HEIGHT="213" CONTENT="sogenannte" WC="0.79" CC="0000644400"/>
						<SP ID="P1_SP00511" HPOS="10233" VPOS="14858" WIDTH="137"/>
						<String ID="P1_ST00591" HPOS="10370" VPOS="14650" WIDTH="1847" HEIGHT="236" CONTENT="»Tonphilosophie«" WC="0.86" CC="3405000130300000"/>
						<SP ID="P1_SP00512" HPOS="12217" VPOS="14887" WIDTH="198"/>
						<String ID="P1_ST00592" HPOS="12416" VPOS="14669" WIDTH="491" HEIGHT="175" CONTENT="steht" WC="0.91" CC="04000"/>
						<SP ID="P1_SP00513" HPOS="12907" VPOS="14887" WIDTH="180"/>
						<String ID="P1_ST00593" HPOS="13087" VPOS="14669" WIDTH="690" HEIGHT="184" CONTENT="bereits" WC="0.95" CC="0003000"/>
						<SP ID="P1_SP00514" HPOS="13776" VPOS="14887" WIDTH="170"/>
						<String ID="P1_ST00594" HPOS="13946" VPOS="14731" WIDTH="288" HEIGHT="170" CONTENT="an," WC="0.78" CC="122"/>
						<SP ID="P1_SP00515" HPOS="14235" VPOS="14901" WIDTH="184"/>
						<String ID="P1_ST00595" HPOS="14419" VPOS="14679" WIDTH="175" HEIGHT="227" CONTENT="ja" WC="0.87" CC="20"/>
					</TextLine>
					<TextLine ID="P1_TL00080" HPOS="8098" VPOS="14915" WIDTH="6501" HEIGHT="255">
						<String ID="P1_ST00596" HPOS="8098" VPOS="14915" WIDTH="468" HEIGHT="175" CONTENT="über" WC="1.00" CC="0000"/>
						<SP ID="P1_SP00516" HPOS="8565" VPOS="15090" WIDTH="132"/>
						<String ID="P1_ST00597" HPOS="8698" VPOS="14915" WIDTH="326" HEIGHT="175" CONTENT="der" WC="1.00" CC="000"/>
						<SP ID="P1_SP00517" HPOS="9024" VPOS="15090" WIDTH="132"/>
						<String ID="P1_ST00598" HPOS="9156" VPOS="14924" WIDTH="1455" HEIGHT="189" CONTENT="musikalischen" WC="0.87" CC="0003000400106"/>
						<SP ID="P1_SP00518" HPOS="10611" VPOS="15113" WIDTH="132"/>
						<String ID="P1_ST00599" HPOS="10743" VPOS="14943" WIDTH="794" HEIGHT="227" CONTENT="Gránze," WC="0.72" CC="5174001"/>
						<SP ID="P1_SP00519" HPOS="11537" VPOS="15170" WIDTH="189"/>
						<String ID="P1_ST00600" HPOS="11726" VPOS="14948" WIDTH="387" HEIGHT="175" CONTENT="und" WC="0.87" CC="030"/>
						<SP ID="P1_SP00520" HPOS="12113" VPOS="15170" WIDTH="132"/>
						<String ID="P1_ST00601" HPOS="12246" VPOS="14948" WIDTH="520" HEIGHT="184" CONTENT="seine" WC="0.83" CC="00440"/>
						<SP ID="P1_SP00521" HPOS="12765" VPOS="15170" WIDTH="128"/>
						<String ID="P1_ST00602" HPOS="12893" VPOS="14957" WIDTH="1195" HEIGHT="180" CONTENT="Nachahmer" WC="0.89" CC="000603000"/>
						<SP ID="P1_SP00522" HPOS="14088" VPOS="15170" WIDTH="113"/>
						<String ID="P1_ST00603" HPOS="14202" VPOS="15014" WIDTH="298" HEIGHT="128" CONTENT="ver" SUBS_TYPE="HypPart1" SUBS_CONTENT="verhungern" WC="0.89" CC="000"/>
						<HYP HPOS="14499" VPOS="15014" WIDTH="99" CONTENT="-"/>
					</TextLine>
					<TextLine ID="P1_TL00081" HPOS="8098" VPOS="15198" WIDTH="6491" HEIGHT="265">
						<String ID="P1_ST00604" HPOS="8098" VPOS="15198" WIDTH="865" HEIGHT="227" CONTENT="hungern" SUBS_TYPE="HypPart2" SUBS_CONTENT="verhungern" WC="0.78" CC="0060007"/>
						<SP ID="P1_SP00523" HPOS="8962" VPOS="15425" WIDTH="137"/>
						<String ID="P1_ST00605" HPOS="9099" VPOS="15203" WIDTH="354" HEIGHT="180" CONTENT="wie" WC="0.92" CC="020"/>
						<SP ID="P1_SP00524" HPOS="9454" VPOS="15425" WIDTH="128"/>
						<String ID="P1_ST00606" HPOS="9581" VPOS="15208" WIDTH="520" HEIGHT="227" CONTENT="jener" WC="0.82" CC="23300"/>
						<SP ID="P1_SP00525" HPOS="10101" VPOS="15435" WIDTH="123"/>
						<String ID="P1_ST00607" HPOS="10224" VPOS="15227" WIDTH="1422" HEIGHT="231" CONTENT="unglúckselige" WC="0.78" CC="4504600100600"/>
						<SP ID="P1_SP00526" HPOS="11646" VPOS="15458" WIDTH="161"/>
						<String ID="P1_ST00608" HPOS="11806" VPOS="15236" WIDTH="1115" HEIGHT="227" CONTENT="Wunscher," WC="0.82" CC="433030000"/>
						<SP ID="P1_SP00527" HPOS="12921" VPOS="15463" WIDTH="132"/>
						<String ID="P1_ST00609" HPOS="13054" VPOS="15246" WIDTH="430" HEIGHT="175" CONTENT="dem" WC="1.00" CC="000"/>
						<SP ID="P1_SP00528" HPOS="13483" VPOS="15463" WIDTH="137"/>
						<String ID="P1_ST00610" HPOS="13620" VPOS="15246" WIDTH="383" HEIGHT="180" CONTENT="sich" WC="1.00" CC="0000"/>
						<SP ID="P1_SP00529" HPOS="14003" VPOS="15463" WIDTH="132"/>
						<String ID="P1_ST00611" HPOS="14135" VPOS="15246" WIDTH="454" HEIGHT="180" CONTENT="alles" WC="0.82" CC="44000"/>
					</TextLine>
					<TextLine ID="P1_TL00082" HPOS="8098" VPOS="15487" WIDTH="6491" HEIGHT="269">
						<String ID="P1_ST00612" HPOS="8098" VPOS="15487" WIDTH="180" HEIGHT="170" CONTENT="in" WC="1.00" CC="00"/>
						<SP ID="P1_SP00530" HPOS="8277" VPOS="15657" WIDTH="132"/>
						<String ID="P1_ST00613" HPOS="8409" VPOS="15491" WIDTH="506" HEIGHT="175" CONTENT="Gold" WC="0.85" CC="0230"/>
						<SP ID="P1_SP00531" HPOS="8915" VPOS="15666" WIDTH="128"/>
						<String ID="P1_ST00614" HPOS="9043" VPOS="15501" WIDTH="1380" HEIGHT="217" CONTENT="verwanaelte;" WC="0.85" CC="000035006001"/>
						<SP ID="P1_SP00532" HPOS="10422" VPOS="15718" WIDTH="137"/>
						<String ID="P1_ST00615" HPOS="10559" VPOS="15506" WIDTH="496" HEIGHT="180" CONTENT="denn" WC="0.86" CC="0050"/>
						<SP ID="P1_SP00533" HPOS="11055" VPOS="15718" WIDTH="137"/>
						<String ID="P1_ST00616" HPOS="11192" VPOS="15515" WIDTH="340" HEIGHT="175" CONTENT="das" WC="1.00" CC="000"/>
						<SP ID="P1_SP00534" HPOS="11532" VPOS="15718" WIDTH="132"/>
						<String ID="P1_ST00617" HPOS="11665" VPOS="15520" WIDTH="1011" HEIGHT="227" CONTENT="Aufgehen" WC="0.88" CC="04400000"/>
						<SP ID="P1_SP00535" HPOS="12676" VPOS="15746" WIDTH="128"/>
						<String ID="P1_ST00618" HPOS="12803" VPOS="15524" WIDTH="331" HEIGHT="180" CONTENT="der" WC="1.00" CC="000"/>
						<SP ID="P1_SP00536" HPOS="13134" VPOS="15746" WIDTH="90"/>
						<String ID="P1_ST00619" HPOS="13224" VPOS="15534" WIDTH="789" HEIGHT="222" CONTENT="eigenen" WC="0.89" CC="0000501"/>
						<SP ID="P1_SP00537" HPOS="14013" VPOS="15756" WIDTH="99"/>
						<String ID="P1_ST00620" HPOS="14112" VPOS="15534" WIDTH="383" HEIGHT="175" CONTENT="Indi" SUBS_TYPE="HypPart1" SUBS_CONTENT="Individualitát" WC="0.72" CC="6003"/>
						<HYP HPOS="14494" VPOS="15534" WIDTH="94" CONTENT="-"/>
					</TextLine>
					<TextLine ID="P1_TL00083" HPOS="8088" VPOS="15770" WIDTH="6487" HEIGHT="260">
						<String ID="P1_ST00621" HPOS="8088" VPOS="15770" WIDTH="969" HEIGHT="180" CONTENT="vidualitát" SUBS_TYPE="HypPart2" SUBS_CONTENT="Individualitát" WC="0.78" CC="0002056070"/>
						<SP ID="P1_SP00538" HPOS="9057" VPOS="15950" WIDTH="123"/>
						<String ID="P1_ST00622" HPOS="9180" VPOS="15780" WIDTH="496" HEIGHT="175" CONTENT="fiihrt" WC="0.65" CC="766000"/>
						<SP ID="P1_SP00539" HPOS="9676" VPOS="15954" WIDTH="123"/>
						<String ID="P1_ST00623" HPOS="9798" VPOS="15841" WIDTH="326" HEIGHT="123" CONTENT="zur" WC="0.64" CC="072"/>
						<SP ID="P1_SP00540" HPOS="10124" VPOS="15964" WIDTH="132"/>
						<String ID="P1_ST00624" HPOS="10257" VPOS="15794" WIDTH="1427" HEIGHT="236" CONTENT="Ueberbietung" WC="0.88" CC="400000003500"/>
						<SP ID="P1_SP00541" HPOS="11683" VPOS="16030" WIDTH="128"/>
						<String ID="P1_ST00625" HPOS="11811" VPOS="15803" WIDTH="317" HEIGHT="180" CONTENT="der" WC="1.00" CC="000"/>
						<SP ID="P1_SP00542" HPOS="12128" VPOS="16030" WIDTH="170"/>
						<String ID="P1_ST00626" HPOS="12298" VPOS="15813" WIDTH="912" HEIGHT="180" CONTENT="fremden." WC="0.70" CC="30090054"/>
						<SP ID="P1_SP00543" HPOS="13209" VPOS="16030" WIDTH="241"/>
						<String ID="P1_ST00627" HPOS="13450" VPOS="15813" WIDTH="411" HEIGHT="180" CONTENT="Nur" WC="0.83" CC="050"/>
						<SP ID="P1_SP00544" HPOS="13861" VPOS="16030" WIDTH="118"/>
						<String ID="P1_ST00628" HPOS="13980" VPOS="15822" WIDTH="274" HEIGHT="170" CONTENT="sei" WC="0.98" CC="000"/>
						<SP ID="P1_SP00545" HPOS="14254" VPOS="16030" WIDTH="128"/>
						<String ID="P1_ST00629" HPOS="14381" VPOS="15869" WIDTH="194" HEIGHT="128" CONTENT="es" WC="1.00" CC="00"/>
					</TextLine>
					<TextLine ID="P1_TL00084" HPOS="8088" VPOS="16054" WIDTH="6483" HEIGHT="265">
						<String ID="P1_ST00630" HPOS="8088" VPOS="16054" WIDTH="246" HEIGHT="175" CONTENT="im" WC="0.81" CC="30"/>
						<SP ID="P1_SP00546" HPOS="8334" VPOS="16228" WIDTH="94"/>
						<String ID="P1_ST00631" HPOS="8428" VPOS="16058" WIDTH="737" HEIGHT="180" CONTENT="Voraus" WC="0.87" CC="000160"/>
						<SP ID="P1_SP00547" HPOS="9165" VPOS="16238" WIDTH="90"/>
						<String ID="P1_ST00632" HPOS="9255" VPOS="16063" WIDTH="883" HEIGHT="236" CONTENT="bemerkt," WC="0.98" CC="00000001"/>
						<SP ID="P1_SP00548" HPOS="10139" VPOS="16299" WIDTH="94"/>
						<String ID="P1_ST00633" HPOS="10233" VPOS="16077" WIDTH="444" HEIGHT="184" CONTENT="dass" WC="0.95" CC="0001"/>
						<SP ID="P1_SP00549" HPOS="10677" VPOS="16299" WIDTH="90"/>
						<String ID="P1_ST00634" HPOS="10767" VPOS="16087" WIDTH="298" HEIGHT="180" CONTENT="bei" WC="0.92" CC="020"/>
						<SP ID="P1_SP00550" HPOS="11065" VPOS="16299" WIDTH="137"/>
						<String ID="P1_ST00635" HPOS="11202" VPOS="16087" WIDTH="1195" HEIGHT="231" CONTENT="Smetana," WC="1.00" CC="00050000"/>
						<SP ID="P1_SP00551" HPOS="12397" VPOS="16318" WIDTH="132"/>
						<String ID="P1_ST00636" HPOS="12529" VPOS="16101" WIDTH="331" HEIGHT="184" CONTENT="der" WC="1.00" CC="000"/>
						<SP ID="P1_SP00552" HPOS="12860" VPOS="16318" WIDTH="85"/>
						<String ID="P1_ST00637" HPOS="12945" VPOS="16157" WIDTH="354" HEIGHT="123" CONTENT="uns" WC="0.66" CC="630"/>
						<SP ID="P1_SP00553" HPOS="13299" VPOS="16318" WIDTH="90"/>
						<String ID="P1_ST00638" HPOS="13389" VPOS="16106" WIDTH="501" HEIGHT="180" CONTENT="nicht" WC="0.90" CC="50000"/>
						<SP ID="P1_SP00554" HPOS="13890" VPOS="16318" WIDTH="90"/>
						<String ID="P1_ST00639" HPOS="13980" VPOS="16110" WIDTH="591" HEIGHT="175" CONTENT="selten" WC="0.86" CC="000304"/>
					</TextLine>
					<TextLine ID="P1_TL00085" HPOS="8088" VPOS="16337" WIDTH="6492" HEIGHT="284">
						<String ID="P1_ST00640" HPOS="8088" VPOS="16337" WIDTH="633" HEIGHT="184" CONTENT="Neues" WC="0.85" CC="00420"/>
						<SP ID="P1_SP00555" HPOS="8721" VPOS="16521" WIDTH="94"/>
						<String ID="P1_ST00641" HPOS="8816" VPOS="16346" WIDTH="387" HEIGHT="175" CONTENT="und" WC="0.83" CC="400"/>
						<SP ID="P1_SP00556" HPOS="9203" VPOS="16521" WIDTH="94"/>
						<String ID="P1_ST00642" HPOS="9298" VPOS="16356" WIDTH="1587" HEIGHT="241" CONTENT="Selbststándiges" WC="0.83" CC="000000049506000"/>
						<SP ID="P1_SP00557" HPOS="10885" VPOS="16597" WIDTH="90"/>
						<String ID="P1_ST00643" HPOS="10975" VPOS="16375" WIDTH="671" HEIGHT="227" CONTENT="bringt," WC="0.76" CC="4025003"/>
						<SP ID="P1_SP00558" HPOS="11646" VPOS="16602" WIDTH="90"/>
						<String ID="P1_ST00644" HPOS="11735" VPOS="16431" WIDTH="373" HEIGHT="128" CONTENT="von" WC="0.84" CC="004"/>
						<SP ID="P1_SP00559" HPOS="12109" VPOS="16602" WIDTH="99"/>
						<String ID="P1_ST00645" HPOS="12208" VPOS="16389" WIDTH="506" HEIGHT="175" CONTENT="einer" WC="0.98" CC="00001"/>
						<SP ID="P1_SP00560" HPOS="12713" VPOS="16602" WIDTH="94"/>
						<String ID="P1_ST00646" HPOS="12808" VPOS="16394" WIDTH="1153" HEIGHT="227" CONTENT="Einreihung" WC="0.72" CC="6130060530"/>
						<SP ID="P1_SP00561" HPOS="13961" VPOS="16620" WIDTH="85"/>
						<String ID="P1_ST00647" HPOS="14046" VPOS="16403" WIDTH="534" HEIGHT="170" CONTENT="unter" WC="0.88" CC="50000"/>
					</TextLine>
					<TextLine ID="P1_TL00086" HPOS="8083" VPOS="16625" WIDTH="6482" HEIGHT="279">
						<String ID="P1_ST00648" HPOS="8083" VPOS="16625" WIDTH="298" HEIGHT="180" CONTENT="die" WC="1.00" CC="000"/>
						<SP ID="P1_SP00562" HPOS="8381" VPOS="16805" WIDTH="76"/>
						<String ID="P1_ST00649" HPOS="8457" VPOS="16625" WIDTH="680" HEIGHT="184" CONTENT="Schaar" WC="1.00" CC="000000"/>
						<SP ID="P1_SP00563" HPOS="9137" VPOS="16809" WIDTH="85"/>
						<String ID="P1_ST00650" HPOS="9222" VPOS="16644" WIDTH="1252" HEIGHT="231" CONTENT="unbedíngter" WC="0.88" CC="00000050501"/>
						<SP ID="P1_SP00564" HPOS="10474" VPOS="16876" WIDTH="90"/>
						<String ID="P1_ST00651" HPOS="10564" VPOS="16658" WIDTH="1186" HEIGHT="184" CONTENT="Nachahmer" WC="0.94" CC="130000000"/>
						<SP ID="P1_SP00565" HPOS="11750" VPOS="16876" WIDTH="85"/>
						<String ID="P1_ST00652" HPOS="11835" VPOS="16668" WIDTH="340" HEIGHT="180" CONTENT="der" WC="1.00" CC="000"/>
						<SP ID="P1_SP00566" HPOS="12175" VPOS="16876" WIDTH="80"/>
						<String ID="P1_ST00653" HPOS="12255" VPOS="16672" WIDTH="468" HEIGHT="175" CONTENT="zwei" WC="0.92" CC="0003"/>
						<SP ID="P1_SP00567" HPOS="12723" VPOS="16876" WIDTH="85"/>
						<String ID="P1_ST00654" HPOS="12808" VPOS="16677" WIDTH="1757" HEIGHT="227" CONTENT="Hauptrichtungen" WC="0.82" CC="506001200023005"/>
					</TextLine>
					<TextLine ID="P1_TL00087" HPOS="8083" VPOS="16918" WIDTH="6478" HEIGHT="260">
						<String ID="P1_ST00655" HPOS="8083" VPOS="16918" WIDTH="997" HEIGHT="180" CONTENT="moderner" WC="0.87" CC="02002500"/>
						<SP ID="P1_SP00568" HPOS="9080" VPOS="17098" WIDTH="132"/>
						<String ID="P1_ST00656" HPOS="9213" VPOS="16923" WIDTH="1209" HEIGHT="189" CONTENT="Pianomusik" WC="0.72" CC="6084016000"/>
						<SP ID="P1_SP00569" HPOS="10422" VPOS="17112" WIDTH="123"/>
						<String ID="P1_ST00657" HPOS="10545" VPOS="16946" WIDTH="907" HEIGHT="175" CONTENT="naturlich" WC="0.89" CC="000036000"/>
						<SP ID="P1_SP00570" HPOS="11452" VPOS="17121" WIDTH="118"/>
						<String ID="P1_ST00658" HPOS="11570" VPOS="16951" WIDTH="510" HEIGHT="180" CONTENT="nicht" WC="0.81" CC="72000"/>
						<SP ID="P1_SP00571" HPOS="12080" VPOS="17131" WIDTH="165"/>
						<String ID="P1_ST00659" HPOS="12246" VPOS="16956" WIDTH="302" HEIGHT="170" CONTENT="die" WC="0.90" CC="030"/>
						<SP ID="P1_SP00572" HPOS="12548" VPOS="17131" WIDTH="175"/>
						<String ID="P1_ST00660" HPOS="12723" VPOS="16956" WIDTH="510" HEIGHT="189" CONTENT="Rede" WC="1.00" CC="0000"/>
						<SP ID="P1_SP00573" HPOS="13233" VPOS="17145" WIDTH="180"/>
						<String ID="P1_ST00661" HPOS="13413" VPOS="16970" WIDTH="392" HEIGHT="175" CONTENT="sein" WC="0.87" CC="0050"/>
						<SP ID="P1_SP00574" HPOS="13805" VPOS="17145" WIDTH="165"/>
						<String ID="P1_ST00662" HPOS="13970" VPOS="16965" WIDTH="591" HEIGHT="213" CONTENT="kann;" WC="0.70" CC="00346"/>
					</TextLine>
					<TextLine ID="P1_TL00088" HPOS="8074" VPOS="17202" WIDTH="6492" HEIGHT="250">
						<String ID="P1_ST00663" HPOS="8074" VPOS="17254" WIDTH="340" HEIGHT="123" CONTENT="nur" WC="0.97" CC="000"/>
						<SP ID="P1_SP00575" HPOS="8414" VPOS="17376" WIDTH="123"/>
						<String ID="P1_ST00664" HPOS="8537" VPOS="17202" WIDTH="274" HEIGHT="175" CONTENT="sei" WC="1.00" CC="000"/>
						<SP ID="P1_SP00576" HPOS="8811" VPOS="17376" WIDTH="94"/>
						<String ID="P1_ST00665" HPOS="8906" VPOS="17206" WIDTH="576" HEIGHT="180" CONTENT="damit" WC="0.84" CC="07000"/>
						<SP ID="P1_SP00577" HPOS="9482" VPOS="17386" WIDTH="85"/>
						<String ID="P1_ST00666" HPOS="9567" VPOS="17225" WIDTH="1186" HEIGHT="227" CONTENT="angedeutet," WC="0.87" CC="76000000000"/>
						<SP ID="P1_SP00578" HPOS="10753" VPOS="17452" WIDTH="94"/>
						<String ID="P1_ST00667" HPOS="10847" VPOS="17230" WIDTH="439" HEIGHT="180" CONTENT="dass" WC="1.00" CC="0000"/>
						<SP ID="P1_SP00579" HPOS="11287" VPOS="17452" WIDTH="113"/>
						<String ID="P1_ST00668" HPOS="11400" VPOS="17235" WIDTH="302" HEIGHT="180" CONTENT="die" WC="0.99" CC="000"/>
						<SP ID="P1_SP00580" HPOS="11702" VPOS="17452" WIDTH="94"/>
						<String ID="P1_ST00669" HPOS="11797" VPOS="17239" WIDTH="1257" HEIGHT="184" CONTENT="Vertrautheit" WC="0.94" CC="000000000005"/>
						<SP ID="P1_SP00581" HPOS="13054" VPOS="17452" WIDTH="94"/>
						<String ID="P1_ST00670" HPOS="13148" VPOS="17254" WIDTH="326" HEIGHT="175" CONTENT="mit" WC="0.87" CC="030"/>
						<SP ID="P1_SP00582" HPOS="13474" VPOS="17452" WIDTH="90"/>
						<String ID="P1_ST00671" HPOS="13564" VPOS="17254" WIDTH="364" HEIGHT="180" CONTENT="den" WC="1.00" CC="000"/>
						<SP ID="P1_SP00583" HPOS="13928" VPOS="17452" WIDTH="94"/>
						<String ID="P1_ST00672" HPOS="14022" VPOS="17254" WIDTH="454" HEIGHT="175" CONTENT="inter" SUBS_TYPE="HypPart1" SUBS_CONTENT="interessanten" WC="0.84" CC="23000"/>
						<HYP HPOS="14476" VPOS="17254" WIDTH="90" CONTENT="-"/>
					</TextLine>
					<TextLine ID="P1_TL00089" HPOS="8079" VPOS="17499" WIDTH="6472" HEIGHT="227">
						<String ID="P1_ST00673" HPOS="8079" VPOS="17499" WIDTH="874" HEIGHT="165" CONTENT="essanten" SUBS_TYPE="HypPart2" SUBS_CONTENT="interessanten" WC="0.85" CC="04403000"/>
						<SP ID="P1_SP00584" HPOS="8953" VPOS="17665" WIDTH="217"/>
						<String ID="P1_ST00674" HPOS="9170" VPOS="17499" WIDTH="2126" HEIGHT="227" CONTENT="Eigenthumlichkeiten" WC="0.84" CC="5500030000400000106"/>
						<SP ID="P1_SP00585" HPOS="11296" VPOS="17726" WIDTH="213"/>
						<String ID="P1_ST00675" HPOS="11509" VPOS="17523" WIDTH="326" HEIGHT="180" CONTENT="der" WC="1.00" CC="000"/>
						<SP ID="P1_SP00586" HPOS="11835" VPOS="17726" WIDTH="184"/>
						<String ID="P1_ST00676" HPOS="12019" VPOS="17537" WIDTH="907" HEIGHT="175" CONTENT="neuesten" WC="0.89" CC="40400000"/>
						<SP ID="P1_SP00587" HPOS="12926" VPOS="17726" WIDTH="189"/>
						<String ID="P1_ST00677" HPOS="13115" VPOS="17537" WIDTH="898" HEIGHT="175" CONTENT="Literatur" WC="0.99" CC="302046050"/>
						<SP ID="P1_SP00588" HPOS="14013" VPOS="17726" WIDTH="180"/>
						<String ID="P1_ST00678" HPOS="14192" VPOS="17537" WIDTH="359" HEIGHT="175" CONTENT="den" WC="0.98" CC="005"/>
					</TextLine>
					<TextLine ID="P1_TL00090" HPOS="8069" VPOS="17773" WIDTH="6487" HEIGHT="260">
						<String ID="P1_ST00679" HPOS="8069" VPOS="17773" WIDTH="1687" HEIGHT="227" CONTENT="begeisterten" WC="0.99" CC="000010000000"/>
						<SP ID="P1_SP00589" HPOS="9756" VPOS="18000" WIDTH="170"/>
						<String ID="P1_ST00680" HPOS="9926" VPOS="17792" WIDTH="1677" HEIGHT="241" CONTENT="Kunstjiinger" WC="0.83" CC="040001760000"/>
						<SP ID="P1_SP00590" HPOS="11603" VPOS="18033" WIDTH="180"/>
						<String ID="P1_ST00681" HPOS="11783" VPOS="17811" WIDTH="926" HEIGHT="184" CONTENT="vielleicht" WC="0.91" CC="0400400000"/>
						<SP ID="P1_SP00591" HPOS="12709" VPOS="18033" WIDTH="170"/>
						<String ID="P1_ST00682" HPOS="12879" VPOS="17820" WIDTH="1124" HEIGHT="180" CONTENT="unbewusst" WC="0.78" CC="660006000"/>
						<SP ID="P1_SP00592" HPOS="14003" VPOS="18033" WIDTH="165"/>
						<String ID="P1_ST00683" HPOS="14169" VPOS="17868" WIDTH="293" HEIGHT="123" CONTENT="ver" SUBS_TYPE="HypPart1" SUBS_CONTENT="verleitet," WC="0.75" CC="500"/>
						<HYP HPOS="14461" VPOS="17868" WIDTH="94" CONTENT="-"/>
					</TextLine>
					<TextLine ID="P1_TL00091" HPOS="8069" VPOS="18061" WIDTH="6487" HEIGHT="251">
						<String ID="P1_ST00684" HPOS="8069" VPOS="18061" WIDTH="553" HEIGHT="227" CONTENT="leitet," SUBS_TYPE="HypPart2" SUBS_CONTENT="verleitet," WC="0.91" CC="3000002"/>
						<SP ID="P1_SP00593" HPOS="8622" VPOS="18288" WIDTH="132"/>
						<String ID="P1_ST00685" HPOS="8754" VPOS="18123" WIDTH="312" HEIGHT="123" CONTENT="um" WC="0.86" CC="20"/>
						<SP ID="P1_SP00594" HPOS="9066" VPOS="18288" WIDTH="137"/>
						<String ID="P1_ST00686" HPOS="9203" VPOS="18071" WIDTH="742" HEIGHT="184" CONTENT="áhnlich" WC="0.81" CC="7042000"/>
						<SP ID="P1_SP00595" HPOS="9945" VPOS="18288" WIDTH="189"/>
						<String ID="P1_ST00687" HPOS="10134" VPOS="18137" WIDTH="227" HEIGHT="128" CONTENT="zu" WC="1.00" CC="00"/>
						<SP ID="P1_SP00596" HPOS="10361" VPOS="18288" WIDTH="180"/>
						<String ID="P1_ST00688" HPOS="10540" VPOS="18090" WIDTH="751" HEIGHT="222" CONTENT="wirken," WC="0.88" CC="0100023"/>
						<SP ID="P1_SP00597" HPOS="11291" VPOS="18312" WIDTH="170"/>
						<String ID="P1_ST00689" HPOS="11461" VPOS="18099" WIDTH="964" HEIGHT="180" CONTENT="áhnlicher" WC="0.78" CC="901410002"/>
						<SP ID="P1_SP00598" HPOS="12425" VPOS="18312" WIDTH="165"/>
						<String ID="P1_ST00690" HPOS="12591" VPOS="18104" WIDTH="600" HEIGHT="180" CONTENT="Mittel" WC="0.98" CC="000000"/>
						<SP ID="P1_SP00599" HPOS="13191" VPOS="18312" WIDTH="175"/>
						<String ID="P1_ST00691" HPOS="13365" VPOS="18104" WIDTH="387" HEIGHT="175" CONTENT="sich" WC="0.86" CC="0500"/>
						<SP ID="P1_SP00600" HPOS="13753" VPOS="18312" WIDTH="132"/>
						<String ID="P1_ST00692" HPOS="13885" VPOS="18156" WIDTH="222" HEIGHT="118" CONTENT="zu" WC="1.00" CC="00"/>
						<SP ID="P1_SP00601" HPOS="14107" VPOS="18312" WIDTH="128"/>
						<String ID="P1_ST00693" HPOS="14235" VPOS="18104" WIDTH="217" HEIGHT="175" CONTENT="be" SUBS_TYPE="HypPart1" SUBS_CONTENT="bedienen." WC="0.74" CC="10"/>
						<HYP HPOS="14452" VPOS="18104" WIDTH="104" CONTENT="-"/>
					</TextLine>
					<TextLine ID="P1_TL00092" HPOS="8069" VPOS="18350" WIDTH="6468" HEIGHT="260">
						<String ID="P1_ST00694" HPOS="8069" VPOS="18350" WIDTH="742" HEIGHT="184" CONTENT="dienen." SUBS_TYPE="HypPart2" SUBS_CONTENT="bedienen." WC="0.74" CC="0106053"/>
						<SP ID="P1_SP00602" HPOS="8811" VPOS="18534" WIDTH="132"/>
						<String ID="P1_ST00695" HPOS="8943" VPOS="18359" WIDTH="359" HEIGHT="175" CONTENT="Die" WC="0.99" CC="200"/>
						<SP ID="P1_SP00603" HPOS="9302" VPOS="18534" WIDTH="142"/>
						<String ID="P1_ST00696" HPOS="9444" VPOS="18373" WIDTH="1436" HEIGHT="184" CONTENT="»erwachsende" WC="0.91" CC="600000000300"/>
						<SP ID="P1_SP00604" HPOS="10880" VPOS="18557" WIDTH="128"/>
						<String ID="P1_ST00697" HPOS="11008" VPOS="18378" WIDTH="1413" HEIGHT="189" CONTENT="Leidenschaft*" WC="0.82" CC="1110060000506"/>
						<SP ID="P1_SP00605" HPOS="12420" VPOS="18567" WIDTH="156"/>
						<String ID="P1_ST00698" HPOS="12576" VPOS="18387" WIDTH="534" HEIGHT="222" CONTENT="(Nro." WC="0.75" CC="20233"/>
						<SP ID="P1_SP00606" HPOS="13110" VPOS="18609" WIDTH="123"/>
						<String ID="P1_ST00699" HPOS="13233" VPOS="18387" WIDTH="109" HEIGHT="165" CONTENT="2" WC="1.00" CC="0"/>
						<SP ID="P1_SP00607" HPOS="13342" VPOS="18609" WIDTH="128"/>
						<String ID="P1_ST00700" HPOS="13469" VPOS="18387" WIDTH="331" HEIGHT="175" CONTENT="des" WC="1.00" CC="000"/>
						<SP ID="P1_SP00608" HPOS="13800" VPOS="18609" WIDTH="123"/>
						<String ID="P1_ST00701" HPOS="13923" VPOS="18392" WIDTH="614" HEIGHT="180" CONTENT="ersten" WC="0.91" CC="000005"/>
					</TextLine>
					<TextLine ID="P1_TL00093" HPOS="8074" VPOS="18633" WIDTH="6473" HEIGHT="260">
						<String ID="P1_ST00702" HPOS="8074" VPOS="18633" WIDTH="756" HEIGHT="231" CONTENT="Heftes)" WC="0.78" CC="7430000"/>
						<SP ID="P1_SP00609" HPOS="8830" VPOS="18865" WIDTH="137"/>
						<String ID="P1_ST00703" HPOS="8967" VPOS="18647" WIDTH="501" HEIGHT="175" CONTENT="fúhrt" WC="0.77" CC="46000"/>
						<SP ID="P1_SP00610" HPOS="9468" VPOS="18865" WIDTH="85"/>
						<String ID="P1_ST00704" HPOS="9553" VPOS="18652" WIDTH="302" HEIGHT="180" CONTENT="die" WC="1.00" CC="000"/>
						<SP ID="P1_SP00611" HPOS="9855" VPOS="18865" WIDTH="90"/>
						<String ID="P1_ST00705" HPOS="9945" VPOS="18657" WIDTH="841" HEIGHT="231" CONTENT="logische" WC="0.82" CC="54040000"/>
						<SP ID="P1_SP00612" HPOS="10786" VPOS="18888" WIDTH="90"/>
						<String ID="P1_ST00706" HPOS="10876" VPOS="18666" WIDTH="1323" HEIGHT="227" CONTENT="Konsequenz," WC="0.88" CC="03300000500"/>
						<SP ID="P1_SP00613" HPOS="12198" VPOS="18893" WIDTH="113"/>
						<String ID="P1_ST00707" HPOS="12312" VPOS="18671" WIDTH="335" HEIGHT="175" CONTENT="mit" WC="0.82" CC="050"/>
						<SP ID="P1_SP00614" HPOS="12647" VPOS="18893" WIDTH="118"/>
						<String ID="P1_ST00708" HPOS="12765" VPOS="18666" WIDTH="813" HEIGHT="180" CONTENT="welcher" WC="0.95" CC="0030000"/>
						<SP ID="P1_SP00615" HPOS="13578" VPOS="18893" WIDTH="80"/>
						<String ID="P1_ST00709" HPOS="13658" VPOS="18671" WIDTH="298" HEIGHT="175" CONTENT="die" WC="1.00" CC="000"/>
						<SP ID="P1_SP00616" HPOS="13956" VPOS="18893" WIDTH="90"/>
						<String ID="P1_ST00710" HPOS="14046" VPOS="18671" WIDTH="378" HEIGHT="184" CONTENT="Ton" SUBS_TYPE="HypPart1" SUBS_CONTENT="Tonfigur," WC="0.65" CC="422"/>
						<HYP HPOS="14424" VPOS="18671" WIDTH="123" CONTENT="-"/>
					</TextLine>
					<TextLine ID="P1_TL00094" HPOS="8060" VPOS="18921" WIDTH="6477" HEIGHT="227">
						<String ID="P1_ST00711" HPOS="8060" VPOS="18921" WIDTH="539" HEIGHT="227" CONTENT="figur," SUBS_TYPE="HypPart2" SUBS_CONTENT="Tonfigur," WC="0.69" CC="650500"/>
						<SP ID="P1_SP00617" HPOS="8598" VPOS="19148" WIDTH="123"/>
						<String ID="P1_ST00712" HPOS="8721" VPOS="18931" WIDTH="794" HEIGHT="180" CONTENT="zumeist" WC="0.94" CC="0000300"/>
						<SP ID="P1_SP00618" HPOS="9515" VPOS="19148" WIDTH="128"/>
						<String ID="P1_ST00713" HPOS="9643" VPOS="18992" WIDTH="369" HEIGHT="123" CONTENT="von" WC="0.67" CC="045"/>
						<SP ID="P1_SP00619" HPOS="10011" VPOS="19148" WIDTH="132"/>
						<String ID="P1_ST00714" HPOS="10143" VPOS="18945" WIDTH="425" HEIGHT="180" CONTENT="dem" WC="1.00" CC="000"/>
						<SP ID="P1_SP00620" HPOS="10569" VPOS="19148" WIDTH="189"/>
						<String ID="P1_ST00715" HPOS="10757" VPOS="18950" WIDTH="846" HEIGHT="175" CONTENT="Leiteton" WC="0.98" CC="00100000"/>
						<SP ID="P1_SP00621" HPOS="11603" VPOS="19148" WIDTH="175"/>
						<String ID="P1_ST00716" HPOS="11778" VPOS="18954" WIDTH="458" HEIGHT="170" CONTENT="oder" WC="0.99" CC="0003"/>
						<SP ID="P1_SP00622" HPOS="12236" VPOS="19148" WIDTH="165"/>
						<String ID="P1_ST00717" HPOS="12402" VPOS="18950" WIDTH="468" HEIGHT="180" CONTENT="auch" WC="1.00" CC="0000"/>
						<SP ID="P1_SP00623" HPOS="12869" VPOS="19148" WIDTH="175"/>
						<String ID="P1_ST00718" HPOS="13044" VPOS="18954" WIDTH="515" HEIGHT="175" CONTENT="einer" WC="0.91" CC="00400"/>
						<SP ID="P1_SP00624" HPOS="13559" VPOS="19148" WIDTH="156"/>
						<String ID="P1_ST00719" HPOS="13715" VPOS="18959" WIDTH="822" HEIGHT="184" CONTENT="anderen" WC="0.83" CC="4300003"/>
					</TextLine>
					<TextLine ID="P1_TL00095" HPOS="8065" VPOS="19205" WIDTH="6468" HEIGHT="250">
						<String ID="P1_ST00720" HPOS="8065" VPOS="19205" WIDTH="477" HEIGHT="180" CONTENT="eben" WC="0.99" CC="0500"/>
						<SP ID="P1_SP00625" HPOS="8542" VPOS="19384" WIDTH="128"/>
						<String ID="P1_ST00721" HPOS="8669" VPOS="19266" WIDTH="222" HEIGHT="118" CONTENT="so" WC="0.77" CC="04"/>
						<SP ID="P1_SP00626" HPOS="8891" VPOS="19384" WIDTH="123"/>
						<String ID="P1_ST00722" HPOS="9014" VPOS="19214" WIDTH="865" HEIGHT="184" CONTENT="schrillen" WC="0.92" CC="000001005"/>
						<SP ID="P1_SP00627" HPOS="9879" VPOS="19398" WIDTH="142"/>
						<String ID="P1_ST00723" HPOS="10020" VPOS="19224" WIDTH="1072" HEIGHT="184" CONTENT="Dissonanz" WC="0.87" CC="060004000"/>
						<SP ID="P1_SP00628" HPOS="11093" VPOS="19408" WIDTH="128"/>
						<String ID="P1_ST00724" HPOS="11220" VPOS="19285" WIDTH="222" HEIGHT="123" CONTENT="zu" WC="0.78" CC="04"/>
						<SP ID="P1_SP00629" HPOS="11443" VPOS="19408" WIDTH="180"/>
						<String ID="P1_ST00725" HPOS="11622" VPOS="19233" WIDTH="425" HEIGHT="175" CONTENT="dem" WC="1.00" CC="000"/>
						<SP ID="P1_SP00630" HPOS="12047" VPOS="19408" WIDTH="151"/>
						<String ID="P1_ST00726" HPOS="12198" VPOS="19233" WIDTH="312" HEIGHT="175" CONTENT="auf" WC="0.49" CC="265"/>
						<SP ID="P1_SP00631" HPOS="12510" VPOS="19408" WIDTH="156"/>
						<String ID="P1_ST00727" HPOS="12666" VPOS="19238" WIDTH="647" HEIGHT="217" CONTENT="gutem" WC="1.00" CC="00000"/>
						<SP ID="P1_SP00632" HPOS="13313" VPOS="19455" WIDTH="170"/>
						<String ID="P1_ST00728" HPOS="13483" VPOS="19233" WIDTH="1049" HEIGHT="198" CONTENT="Takttheile" WC="0.85" CC="4001000430"/>
					</TextLine>
					<TextLine ID="P1_TL00096" HPOS="8060" VPOS="19498" WIDTH="6468" HEIGHT="250">
						<String ID="P1_ST00729" HPOS="8060" VPOS="19498" WIDTH="1639" HEIGHT="227" CONTENT="angeschlagenen" WC="0.87" CC="04000003300501"/>
						<SP ID="P1_SP00633" HPOS="9699" VPOS="19724" WIDTH="137"/>
						<String ID="P1_ST00730" HPOS="9836" VPOS="19512" WIDTH="1025" HEIGHT="227" CONTENT="Dreiklang" WC="0.87" CC="010400050"/>
						<SP ID="P1_SP00634" HPOS="10861" VPOS="19739" WIDTH="118"/>
						<String ID="P1_ST00731" HPOS="10980" VPOS="19517" WIDTH="1077" HEIGHT="222" CONTENT="begonnen," WC="0.82" CC="000135032"/>
						<SP ID="P1_SP00635" HPOS="12057" VPOS="19739" WIDTH="170"/>
						<String ID="P1_ST00732" HPOS="12227" VPOS="19517" WIDTH="798" HEIGHT="227" CONTENT="verfolgt" WC="0.83" CC="00034400"/>
						<SP ID="P1_SP00636" HPOS="13025" VPOS="19743" WIDTH="165"/>
						<String ID="P1_ST00733" HPOS="13191" VPOS="19521" WIDTH="515" HEIGHT="227" CONTENT="wird," WC="0.92" CC="00003"/>
						<SP ID="P1_SP00637" HPOS="13706" VPOS="19748" WIDTH="189"/>
						<String ID="P1_ST00734" HPOS="13894" VPOS="19535" WIDTH="283" HEIGHT="180" CONTENT="bis" WC="0.98" CC="040"/>
						<SP ID="P1_SP00638" HPOS="14178" VPOS="19748" WIDTH="132"/>
						<String ID="P1_ST00735" HPOS="14310" VPOS="19597" WIDTH="217" HEIGHT="123" CONTENT="zu" WC="0.82" CC="03"/>
					</TextLine>
				</TextBlock>
				<TextBlock ID="P1_TB00008" HPOS="9728" VPOS="3458" WIDTH="4956" HEIGHT="317" STYLEREFS="TXT_8 PAR_RIGHT">
					<TextLine ID="P1_TL00097" HPOS="9728" VPOS="3468" WIDTH="4951" HEIGHT="307">
						<String ID="P1_ST00736" HPOS="9728" VPOS="3468" WIDTH="236" HEIGHT="236" CONTENT="□" WC="0.41" CC="5"/>
						<SP ID="P1_SP00639" HPOS="9964" VPOS="3704" WIDTH="161"/>
						<String ID="P1_ST00737" HPOS="10124" VPOS="3491" WIDTH="170" HEIGHT="213" CONTENT="V" WC="0.62" CC="3"/>
						<SP ID="P1_SP00640" HPOS="10294" VPOS="3704" WIDTH="165"/>
						<String ID="P1_ST00738" HPOS="10460" VPOS="3501" WIDTH="1243" HEIGHT="274" CONTENT="PRAZE," WC="1.00" CC="000001"/>
						<SP ID="P1_SP00641" HPOS="11702" VPOS="3775" WIDTH="151"/>
						<String ID="P1_ST00739" HPOS="11854" VPOS="3524" WIDTH="250" HEIGHT="208" CONTENT="4." WC="0.78" CC="04"/>
						<SP ID="P1_SP00642" HPOS="12104" VPOS="3775" WIDTH="180"/>
						<String ID="P1_ST00740" HPOS="12283" VPOS="3524" WIDTH="1157" HEIGHT="213" CONTENT="LEDNA" WC="0.98" CC="06160"/>
						<SP ID="P1_SP00643" HPOS="13441" VPOS="3775" WIDTH="165"/>
						<String ID="P1_ST00741" HPOS="13606" VPOS="3529" WIDTH="737" HEIGHT="217" CONTENT="1908." WC="0.78" CC="20043"/>
						<SP ID="P1_SP00644" HPOS="14343" VPOS="3775" WIDTH="109"/>
						<String ID="P1_ST00742" HPOS="14452" VPOS="3515" WIDTH="227" HEIGHT="231" CONTENT="□" WC="0.40" CC="5"/>
					</TextLine>
				</TextBlock>
				<TextBlock ID="P1_TB00009" HPOS="1398" VPOS="1512" WIDTH="7644" HEIGHT="2192" STYLEREFS="TXT_5 PAR_LEFT">
					<TextLine ID="P1_TL00098" HPOS="1398" VPOS="1512" WIDTH="7644" HEIGHT="2192">
						<String ID="P1_ST00743" HPOS="1398" VPOS="1512" WIDTH="7644" HEIGHT="2192" CONTENT="Dalibor" WC="0.98" CC="0000000"/>
					</TextLine>
				</TextBlock>
				<TextBlock ID="P1_TB00010" HPOS="9751" VPOS="2494" WIDTH="4932" HEIGHT="336" STYLEREFS="TXT_1 PAR_RIGHT">
					<TextLine ID="P1_TL00099" HPOS="9756" VPOS="2542" WIDTH="4918" HEIGHT="288">
						<String ID="P1_ST00744" HPOS="9756" VPOS="2542" WIDTH="742" HEIGHT="255" CONTENT="ČÍSLO" WC="0.98" CC="24053"/>
						<SP ID="P1_SP00645" HPOS="10498" VPOS="2797" WIDTH="142"/>
						<String ID="P1_ST00745" HPOS="10639" VPOS="2636" WIDTH="288" HEIGHT="170" CONTENT="13." WC="0.61" CC="703"/>
						<SP ID="P1_SP00646" HPOS="10928" VPOS="2806" WIDTH="132"/>
						<String ID="P1_ST00746" HPOS="11060" VPOS="2683" WIDTH="66" HEIGHT="61" CONTENT="*" WC="0.32" CC="6"/>
						<SP ID="P1_SP00647" HPOS="11126" VPOS="2806" WIDTH="1852"/>
						<String ID="P1_ST00747" HPOS="12978" VPOS="2584" WIDTH="973" HEIGHT="246" CONTENT="ROČNÍK" WC="0.99" CC="000550"/>
						<SP ID="P1_SP00648" HPOS="13951" VPOS="2830" WIDTH="137"/>
						<String ID="P1_ST00748" HPOS="14088" VPOS="2660" WIDTH="586" HEIGHT="170" CONTENT="XXX." WC="1.00" CC="0000"/>
					</TextLine>
				</TextBlock>
			</PrintSpace>
		</Page>
	</Layout>
</alto>
