17175 21600
3024 2173 543 227 jenen
3694 2121 1706 217 unmusikalischen
5480 2107 926 203 Gránzen,
6539 2131 302 132 wo
6969 2079 472 180 alle
7578 2050 1285 194 Harmonie
8991 2036 482 180 auf-

3033 2452 586 180 Iťórt.
3742 2438 293 180 Ich
4176 2419 732 231 glaube,
5041 2400 430 175 dass
5603 2391 298 180 ein
6028 2372 746 194 solches
6902 2343 1554 241 experimentales
8584 2320 893 231 Wagniss

3047 2631 581 279 sělbst
3746 2726 534 170 unter
4408 2707 317 170 der
4866 2683 1115 217 Bedingung
6076 2660 345 180 des
6501 2641 1087 189 exaktesten
7691 2631 898 222 Vortrags
8674 2617 250 175 im
9019 2598 378 231 rapi-

3043 3014 652 175 desten
3822 2995 732 217 Tempo
4687 2972 496 180 nicht
5301 2962 255 170 im
5688 2943 690 189 Stande
6539 2920 288 231 išt,
6987 2924 553 180 einen
7701 2910 1011 231 gunstigen
8887 2882 605 194 Effekt

3043 3350 222 128 zu
3397 3283 992 189 erreichen.
4517 3274 534 170 Eben
5169 3250 477 180 auch
5764 3241 279 175 ais
6132 3213 1469 198 Schumannisch
7701 3208 765 170 miissen
8561 3189 331 175 wir
8976 3175 317 175 Nr.
9402 3170 66 170 1

3066 3595 359 170 »lm
3557 3572 756 180 Walde«
4455 3548 1200 203 bezeichnen,
5783 3520 775 184 obwohl
6690 3510 184 175 in
7006 3506 605 175 dieser
7739 3482 1115 236 mystischen
8953 3463 539 213 Pie?e

3052 3874 524 170 keine
3699 3836 1309 194 harmonische
5145 3817 704 180 Hárten
5986 3794 728 184 solcher
6798 3789 326 175 Art
7228 3775 1280 203 vorkommen,
8603 3732 893 194 wáhrend

3071 4162 491 165 sDas
3690 4120 1791 198 Schiffermádchen*
5575 4101 326 175 mit
5981 4096 647 170 seinen
6718 4063 1413 236 Klangeífekten
8235 4186 170 47 ..
8518 4035 397 184 und
9033 4016 463 194 auch

3066 4483 387 128 was
3586 4436 359 161 den
4072 4413 780 208 Gesang
4975 4389 737 217 betrifft,
5844 4375 1455 222 einigermassen
7431 4408 236 123 an
7800 4346 359 175 den
8254 4304 1162 250 genial-senti-

3071 4710 931 189 rnentalen
4124 4687 1153 189 Schwármer
5405 4720 364 123 von
5901 4658 331 180 der
6354 4639 940 194 Weichsel
7431 4635 855 208 erinnert,
8452 4616 501 175 ohne
9076 4597 435 175 aber

3071 4998 600 236 gleich
3798 4994 383 175 ihm
4271 4965 1082 184 zauberisch
5447 4946 694 184 wirken
6227 4994 227 123 zu
6543 4932 756 175 kónnen
7389 5060 307 43 ...
7791 4918 326 170 Bei
8206 4904 439 175 dem
8731 4880 784 184 zweiten

3090 5287 633 231 [Hefte
3841 5277 756 175 kónnen
4724 5244 397 222 wir]
5263 5239 430 180 dem
5820 5230 510 180 Lobe
6463 5220 449 175 uber
7035 5211 340 175 des
7498 5187 1375 231 Komponisten
8957 5164 468 227 geist-

3071 5570 619 180 reiche
3813 5551 1214 213 Auffassung,
5154 5532 458 175 uber
5735 5523 515 175 seine
6383 5485 1715 198 Produktionskraft
8211 5476 387 180 und
8721 5452 704 184 kunstle-

3090 5854 591 180 rische
3780 5835 808 217 Bildung
4672 5877 317 118 um
5117 5863 217 128 so
5457 5806 789 180 freieren
6345 5797 591 189 Raum
7025 5787 685 165 lassen.
7833 5769 364 175 Die
8291 5764 1247 184 Behandlung

3094 6146 326 175 der
3553 6142 600 175 ersten
4280 6109 1030 213 einfachen,
5476 6094 449 180 aber
6080 6080 435 180 sehr
6676 6052 1843 203 charakteristischen
8702 6019 836 194 Melodie

3099 6430 236 170 ist
3454 6420 416 170 eine
4030 6378 1507 208 iiberraschende
5631 6506 435 43 ....
6208 6369 491 170 »Der
6893 6354 860 217 Krieger*
7946 6340 236 170 ist
8362 6326 302 175 ein
8825 6307 713 189 ebenso

3099 6704 1039 175 dankbares
4233 6661 1332 213 Konzertstiick
5655 6657 350 180 wie
6099 6638 846 236 Leopold
7030 6685 378 128 von
7498 6633 506 217 May
8069 6619 402 175 eťs
8575 6591 969 184 beruhmte

3109 6987 912 203 Marsche,
4153 7020 340 123 nur
4611 6945 1195 194 harmonisch
5991 6931 354 180 viel
6515 6921 1309 184 interessanter
7942 6902 383 180 und
8457 6874 987 227 mannigfal-

3113 7280 529 217 tiger.
3775 7266 369 175 Der
4271 7238 1016 241 rhytmisch
5409 7233 737 175 unstete
6279 7209 1011 189 Charakter
7413 7200 326 175 der
7824 7195 676 175 letzten
8589 7172 969 198 Nummer,

3118 7554 302 175 die
3534 7545 1101 180 vehemenie
4776 7526 1101 222 Steigerung
6000 7564 227 118 zu
6359 7498 520 180 Ende
7002 7488 647 184 finden
7776 7474 586 180 schon
8490 7460 184 175 in
8806 7450 317 180 der
9222 7441 222 175 Be-

3123 7838 1044 217 zeichnung
4294 7819 463 175 »Die
4923 7795 1483 217 Verzweiflung*
6586 7786 515 170 ihren
7266 7767 1521 180 vollkommenen
8957 7724 506 180 Erklá-

3132 8117 1252 231 rungsgrund,
4512 8102 463 180 auch
5112 8098 430 175 dass
5641 8088 335 175 das
6066 8079 600 180 kleine
6756 8074 1134 170 Intermezzo
7975 8050 246 170 im
8324 8013 1143 203 Zweiviertel-

3132 8414 364 175 takt
3624 8400 321 175 mit
4072 8400 425 170 dem
4630 8367 1502 231 unausgefiillten
6269 8362 709 184 Raume
7134 8339 940 180 zwischen
8249 8324 354 175 den
8783 8310 661 175 Harmo-

3142 8702 425 175 nien
3737 8683 326 175 der
4219 8660 1786 236 zweigestrichenen
6189 8641 723 180 Oktáve
7091 8622 387 184 und
7649 8617 364 180 den
8197 8589 1370 198 unheimlichen

3146 8972 1294 194 Kontratónen
4569 8953 331 175 des
5041 8943 680 175 Basses
5896 8929 506 180 eíner
6543 8910 978 184 áhnlichen
7649 8896 562 180 Stelle
8339 8896 175 165 in
8646 8877 935 184 01kan’s

3142 9255 893 217 Gesánge
4162 9241 317 175 der
4602 9222 1507 217 Wahnsinnigen
6241 9198 1054 231 entspricht,
7422 9184 458 184 wird
8027 9175 491 175 nicht
8650 9156 935 189 auffallen.

3161 9543 416 175 Den
3709 9524 1384 227 Komponisten
5220 9520 605 165 dieser
5953 9482 1649 194 Charakterstiicke
7720 9477 751 165 kónnen
8603 9444 331 184 wir
9024 9439 576 175 daher

3156 9831 274 165 ais
3562 9817 657 175 nicht
4337 9808 850 227 gering
5315 9789 935 222 begabt,
6369 9756 1328 241 geistreich
7876 9742 463 184 und
8509 9723 1091 231 gebildet

3161 10101 1200 217 bezeichnen,
4498 10143 194 123 er
4767 10082 699 222 zwingt
5542 10124 354 128 uns
6024 10063 619 175 hohe
6775 10044 1101 217 Achtung
7989 10035 288 175 fiir
8362 10016 402 180 sein
8844 10011 756 175 Wissen

3165 10394 378 175 und
3680 10389 798 180 Kónnen
4606 10370 335 208 ab;
5117 10365 246 175 ob
5494 10413 184 118 er
5806 10346 435 180 aber
6364 10342 246 175 im
6742 10328 761 213 Stande,
7625 10318 312 180 auf
8055 10299 836 184 solchem
9000 10294 605 213 Wege

3180 10677 463 180 auch
3780 10672 293 170 die
4200 10644 1375 241 Sympathie
5759 10639 661 175 eines
6619 10606 1365 189 Publikums
8169 10639 222 123 zu
8580 10573 1025 213 erwerben,

3180 11013 510 128 muss
3822 10932 1044 194 bezweifelt
4989 10928 817 175 werden.
6052 10918 369 180 Um
6586 10956 222 123 so
6978 10899 520 175 mehr
7654 10885 482 175 freut
8296 10923 198 118 es
8641 10918 411 161 uns,
9180 10857 439 175 dass

3180 11244 383 175 ihm
3652 11239 411 175 dies
4157 11230 321 170 mit
4559 11216 713 180 seinem
5362 11206 780 170 zweiten
6231 11187 680 180 Werke
6997 11145 2608 217 »Stammbuchblátter«

3184 11532 1280 175 vollkommen
4583 11509 888 222 gelingen
5598 11485 600 180 duříte
6288 11613 302 47 ...
6723 11466 454 184 Hier
7257 11461 241 175 ist
7606 11438 1068 241 gesunde
8802 11414 827 217 Musik,

3198 11816 326 175 das
3666 11778 1654 213 Ueberraschende
5443 11778 184 170 in
5811 11750 1569 217 Harmonisirung
7535 11731 387 180 und
8093 11707 1181 194 Modulation
9397 11702 236 180 ist

3198 12099 496 175 nicht
3822 12076 784 231 gesucht
4724 12066 378 175 und
5244 12057 454 175 wird
5830 12057 359 165 den
6931 12080 416 128 zum
7521 12019 732 175 Herzen
8381 11995 699 217 finden,
9208 11991 425 175 weil

3208 12430 198 123 es
3524 12416 430 128 vom
4101 12364 728 175 Herzen
4961 12340 756 180 kommt.
5962 12331 383 175 Der
6520 12307 973 231 frappante
7663 12283 1039 217 Gebrauch,
8830 12279 369 175 den
9321 12274 326 170 der

3217 12647 1129 227 Komponist
4526 12690 364 123 von
5079 12628 321 170 der
5589 12600 1847 222 iibermássigen
7616 12581 888 203 Quinte
8688 12572 246 170 itn
9128 12572 420 165 Drei-

3217 12940 666 217 klange
4016 12921 661 213 macht,
4800 12917 302 175 die
5220 12898 1224 184 interessante
6534 12874 1191 184 Modulation
7838 12855 742 180 mittelst
8660 12846 874 180 unharmo-

3222 13214 732 184 nischer
4016 13191 1720 217 Verwechslungen
5811 13167 803 189 erinnert
6676 13209 482 132 zwar
7233 13139 917 194 abermals
8202 13134 1460 222 einigermassen

3231 13564 231 128 an
3591 13493 1129 184 Florestan’s
4913 13450 2329 231 Ueberschwánglichkeit,
7408 13436 231 175 ist
7800 13431 439 175 aber
8395 13469 378 132 von
8934 13403 614 231 poeti-

3231 13786 694 180 scher
4039 13767 1181 217 Wirkung.
5461 13762 619 170 Wenn
6246 13739 307 180 ein
6713 13720 1195 236 produktives
8069 13710 657 165 Talent
8891 13696 184 175 in
9241 13691 425 175 dem

3236 14069 694 180 Trubel
4068 14060 321 175 der
4512 14102 794 175 grossen
5433 14036 491 184 Welt
6014 14027 307 180 auf
6411 14027 425 165 dem
6926 14013 624 175 lauten
7635 13980 1620 198 Industriemarkte
9350 13970 326 184 der

3246 14348 600 189 Kunst
3926 14339 515 180 seine
4531 14310 1748 227 Selbststandigkeit
6354 14296 780 203 verliert,
7233 14339 213 128 so
7573 14277 241 175 ist
7932 14320 198 132 es
8220 14272 482 175 eben
8769 14258 912 180 verloren.

3260 14631 482 175 Herr
3860 14627 1096 175 Smetana
5088 14608 312 175 hat
5523 14603 383 165 sich
5995 14636 350 128 nur
6430 14631 364 128 von
6888 14580 364 175 den
7351 14546 1157 194 Eindriicken
8589 14542 321 180 der
8995 14537 595 184 Studir-

3255 14920 539 175 stube
3926 14962 217 128 zu
4280 14896 1351 222 emanzipiren;
5726 14882 439 175 dass
6288 14877 378 175 ihm
6798 14868 397 170 dies
7323 14849 874 227 gelingen
8287 14830 671 217 werde,
9043 14825 647 222 zeigen

3265 15255 217 123 so
3619 15189 780 180 rnanche
4578 15170 907 189 treifliche
5617 15156 1266 189 Einzelheiten
7044 15142 609 175 dieser
7814 15123 463 180 zwei
8438 15113 718 213 Werke,
9321 15156 369 123 von

3269 15496 572 170 deren
3964 15472 1271 217 Nachfolgern
5367 15454 335 180 wir
5820 15501 312 128 um
6288 15496 217 118 so
6680 15420 1819 231 Urspriinglicheres,
8617 15454 312 128 um
9061 15449 203 128 es
9392 15444 208 170 ge-

3265 15765 458 180 rade
3846 15761 666 175 heraus
4639 15803 227 118 zu
4989 15789 633 175 sagen,
5750 15723 1025 189 theilweise
6860 15713 468 180 auch
7417 15761 312 118 um
7819 15746 222 128 so
8135 15676 1569 241 Zugánglicheres

3269 16044 954 180 erwarten.

3860 16389 600 217 Kolik
4682 16370 954 260 jemného
5854 16346 1247 265 pozorování
7323 16337 605 198 uložil
8145 16323 477 203 Ulm
8835 16323 265 198 do
9307 16318 402 198 této

3283 16739 340 203 své
3831 16734 770 246 kritiky,
4800 16715 548 203 kolik
5546 16691 1224 255 skvostných
7011 16668 1120 265 poznámek
8343 16724 123 132 o
8669 16658 912 208 Smetano-

3283 17079 515 260 vých
3964 17055 1346 265 originálních
5476 17046 1120 231 stránkách,
6794 17027 293 250 jež
7285 17022 482 203 Ulm
7946 17003 1020 203 nedovedl
9113 17060 123 132 a
9387 17055 217 137 ne-

3298 17409 567 213 mohl
4016 17405 614 250 tehdy
4786 17391 477 260 ještě
5419 17381 846 203 náležitě
6416 17367 817 203 ocenili.
7394 17348 1030 208 Mladému
8556 17339 1172 203 Smetanovi

3302 17754 789 208 dostalo
4252 17806 213 137 se
4616 17759 208 180 tu
4989 17735 477 198 však
5617 17787 128 132 v
5901 17717 931 260 předním
7054 17698 822 198 denním
8083 17688 430 194 listě
8669 17674 1058 208 Pražském

3302 18090 1110 213 obšírného
4569 18076 917 236 ocenění,
5641 18071 302 250 jež
6099 18066 274 189 ho
6534 18047 723 203 mohlo
7446 18047 350 184 tím
7956 18033 444 198 více
8551 18024 1181 255 povzbuditi

3312 18454 118 184 k
3591 18435 501 203 další
4252 18425 591 255 práci.
5013 18420 477 203 Ulm
5655 18392 614 213 zůstal
6439 18402 47 189 i
6643 18449 260 142 na
7011 18383 444 203 dále
7554 18378 1441 246 Smetanovým
9109 18364 501 198 odda-

3321 18784 468 246 ným
3954 18770 926 198 ctitelem.

3898 19120 647 194 Mimo
4706 19110 595 203 Ulma
5466 19082 420 260 psal
6099 19139 132 137 o
6430 19068 1096 208 klavírních
7724 19054 1077 203 skladbách
9009 19049 619 203 Smeta-

3326 19455 803 260 nových
4299 19455 222 198 A.
4682 19446 312 198 W.
5154 19427 1191 231 Ambros,
6491 19413 704 255 slavný
7398 19403 836 198 historik
8433 19389 761 255 hudby,
9350 19384 402 250 nej-

9827 1998 1403 265 duchaplnější
11381 1994 586 198 hlava
12109 1970 1134 260 tehdejšího
13403 1946 761 208 našeho
14277 1918 1200 208 hudebního
15643 1904 591 198 světa.

9803 2372 496 250 Jeho
10408 2353 383 203 stať
10932 2348 354 250 jest
11443 2324 969 203 mnohem
12534 2301 907 265 pozdější
13611 2287 822 255 (Prager
14613 2263 874 241 Zeitung
15657 2254 586 213 1855,

9831 2726 156 194 č.
10153 2717 468 227 288,
10781 2698 184 198 6.
11121 2665 1077 279 prosince),
12397 2655 912 203 uvedena
13493 2636 293 250 při
13956 2594 1384 283 provozování
15496 2589 633 198 Smeta-

9841 3109 524 146 nova
10564 3038 463 198 Tria
11225 3085 109 132 a
11561 3014 354 260 jest
12109 3014 430 194 více
12732 2967 1157 269 duchaplná
14093 2962 373 194 než
14665 2924 945 222 hluboká.
15846 2920 411 198 Nás

9841 3378 713 265 zajímá
10767 3354 732 217 zvláště
11717 3364 416 231 tím,
12359 3350 222 194 že
12798 3326 591 269 jedná
13606 3307 439 213 také
14272 3354 128 142 o
14627 3255 1630 255 idealisovaných

9846 3709 1209 269 polkách,
11211 3699 307 255 jež
11665 3685 609 260 tehdy
12425 3685 935 198 Smetana
13502 3643 666 274 vydal.
14428 3628 893 203 Ambros
15472 3657 661 151 zname-

9850 4063 397 198 nitě
10398 4039 888 269 vyzvědá
11443 4030 874 203 umělost
12406 4016 666 203 těchto
13233 3969 1479 265 Smetanových
14825 3950 827 213 skladeb
15761 3997 510 146 svou

9865 4413 652 231 ironií,
10663 4398 652 198 třebas
11471 4441 246 137 na
11920 4384 657 189 konec
12775 4351 506 203 dává
13479 4398 260 142 na
13937 4332 520 246 jevo,
14655 4323 231 184 že
15090 4294 430 250 celý
15723 4294 420 189 Sme-

9855 4729 619 217 tanův
10630 4739 425 246 zjev
11211 4729 369 246 jest
11731 4772 345 151 mu
12231 4701 1044 208 záhadou:

10431 5230 657 189 Gleich
11159 5230 298 170 die
11561 5187 2050 213 »Stammbuchblátter«
13710 5169 723 222 zeigten
14518 5154 369 175 den
14962 5145 704 227 jungen
15737 5126 425 184 Kom-

9879 5523 860 231 ponisten
10866 5518 274 170 ais
11268 5499 1356 184 ruckhaltlosen
12784 5457 1266 198 Bewunderer
14169 5438 1531 198 Schumanns,
15827 5400 472 189 auch

9879 5863 553 128 wenn
10564 5854 198 123 es
10894 5797 491 180 nicht
11561 5769 1219 222 anderweitig
12940 5750 813 189 bekannt
13932 5731 543 213 wáre,
14655 5721 439 175 dass
15288 5754 184 128 er
15657 5698 652 175 diesen

9888 6099 765 180 Meister
10776 6142 335 123 vor
11230 6080 539 184 Allen
11896 6066 501 184 liebt.
12643 6052 359 180 Die
13134 6038 387 180 drei
13649 6000 1649 236 Salonpolkas
15425 5986 888 222 schlagen

9893 6387 416 180 eine
10427 6369 846 184 áhnliche
11405 6364 926 213 Richtung
12454 6345 354 175 ein.
12935 6331 293 175 Ich
13323 6317 477 184 hábe
13894 6364 203 123 es
14197 6298 340 180 mir
14622 6288 269 184 oft
14981 6283 321 175 mit
15387 6265 822 189 Schaden-

9888 6666 652 189 freude
10696 6652 1129 231 vorgestellt,
12009 6638 359 175 wie
12524 6609 661 231 irgend
13365 6609 420 175 eine
13961 6591 170 175 V
14183 6638 113 128 o
14353 6638 90 118 s
14494 6633 85 118 s
14764 6572 458 175 oder
15406 6567 170 165 D
15633 6562 113 165 ó
15798 6553 113 170 h
15987 6553 47 175 1
16096 6600 94 123 e
16247 6600 76 123 r

9902 6945 964 231 spielende
10998 6902 2159 217 Honoraziorentochter
13276 6883 307 180 auf
13710 6879 430 175 dem
14272 6855 624 184 Lande
15024 6841 387 189 sich
15496 6888 373 128 von
15964 6831 359 175 den

9898 7238 661 175 rothen
10677 7214 1309 236 Vogelbeeren
12113 7200 335 175 des
12567 7176 586 189 Titels
13233 7148 1554 208 »Salon-Polkas«
14924 7124 898 184 anlocken
15945 7110 387 184 und

9912 7526 331 175 das
10365 7507 553 194 Štuek
11031 7507 883 175 kommen
12000 7488 496 213 liess,
12581 7474 383 180 und
13054 7460 269 180 ais
13413 7455 274 175 sie
13776 7498 203 123 es
14069 7422 997 222 auíschlug
15146 7408 392 184 und
15628 7394 709 241 spielen

9912 7809 685 208 wollte,
10720 7791 534 184 stand
11386 7786 269 170 sie
11778 7828 331 123 vor
12231 7767 425 175 dem
12784 7729 1427 203 Notendickicht
14339 7720 354 180 wie
14778 7762 335 123 vor
15213 7701 609 175 einem
15917 7682 321 180 sud-

9912 8074 1587 198 amerikanischen
11688 8055 1318 227 Agavenzaun,
13200 8017 562 189 durch
13946 8013 369 175 den
14509 7994 496 180 nicht
15184 7970 671 184 einmal
16044 7965 298 180 ein

9902 8376 666 222 Jaguar
10696 8348 1460 184 durchkommen
12274 8329 548 213 kann,
12954 8301 1200 241 geschweige
14320 8287 501 175 denn
14943 8277 416 175 eine
15491 8258 737 180 Honora-

9917 8641 1337 189 ziorentochter
11386 8721 180 43 —
11702 8622 236 231 ja,
12066 8665 203 132 es
12397 8598 680 180 diinkte
13205 8594 274 180 ihr
13602 8570 954 194 malizióse
14702 8551 652 217 Ironie,
15510 8546 430 170 dass
16030 8532 326 175 der

9931 8924 1134 231 Komponist
11178 8920 463 180 uber
11759 8906 624 175 dieses
12496 8872 1290 203 íurchterliche
13965 8854 817 184 Fis-dur
14934 8835 387 180 und
15496 8830 331 170 das
15997 8816 246 175 Ge-

9935 9265 671 175 menge
10724 9260 373 128 von
11230 9198 524 180 Sext-
11868 9184 397 184 und
12383 9142 2117 246 Quart-Doppelgriffen
14627 9128 548 180 einen
15298 9099 1068 231 Fingersatz

9935 9496 1228 236 geschrieben
11287 9487 364 217 hat,
11783 9477 317 180 der
12227 9472 274 170 ihr
12609 9454 926 227 ungefáhr
13654 9430 591 184 soviel
14376 9420 666 213 niitzte,
15213 9397 364 180 wie
15699 9387 666 208 einem,

9940 9789 331 175 der
10384 9784 250 170 im
10767 9751 1663 222 Gassenlabyrinth
12557 9728 954 227 Venedigs
13635 9723 369 180 den
14131 9704 756 184 rechten
14962 9685 501 222 Weg
15524 9676 850 208 eríragen

9954 10072 435 213 will,
10512 10063 335 175 das
10980 10058 1049 217 stereotype
12227 10077 841 175 »sempre
13233 10016 647 175 dritto*
14055 9997 326 175 der
14537 9978 1209 184 Venezianer.
15983 9978 397 142 Wir

9954 10356 581 175 sahen
10663 10398 227 123 an
11013 10346 487 170 allen
11631 10332 643 175 diesen
12369 10309 860 208 Stiicken,
13299 10299 439 175 dass
13824 10285 331 175 wir
14244 10332 198 123 es
14532 10276 321 175 mit
14939 10261 605 175 einem
15671 10238 595 227 geist-

9964 10630 969 180 reichen
11055 10606 1446 213 Sonderling
12619 10644 227 123 zu
12964 10587 463 175 thun
13554 10573 666 175 haben.

10531 11036 624 203 Nelze
11301 11017 666 260 upříti,
12109 11013 227 194 že
12491 10994 898 203 Ambros
13587 10998 203 180 tu
13998 10975 326 198 líčí
14532 10965 666 250 přímo
15402 10928 997 213 rozkošně

9978 11376 746 255 dojem,
10880 11362 666 260 jakým
11702 11339 1261 255 neobyčejná
13115 11324 950 203 bohatost
14263 11367 104 137 a
14565 11282 1672 260 komplikova-

9978 11726 600 198 nost
10724 11717 1592 231 Smetanovy
12472 11674 893 250 hudby
13502 11650 940 269 působila
14598 11702 250 137 na
14953 11617 850 260 tehdejší
15917 11617 364 198 obe-

9983 12061 893 194 censtvo.
11031 12038 770 203 Ovšem
11962 12033 572 189 sotva
12690 12009 387 203 měl
13233 12014 600 241 proto
13998 11986 893 203 Ambros
15047 11967 624 250 právo
15803 11948 600 198 viděti

9987 12458 241 137 ve
10380 12378 1157 217 Smetanovi
11693 12487 269 19 —
12118 12345 1436 265 duchaplného
13715 12321 1091 265 podivína!
15156 12331 1091 151 Pokračování.

10039 13172 1786 369 HUDEBNÍ
12052 13172 2348 350 LITERATURA.

10587 13724 732 194 Henri
11561 13701 1044 198 Hantich
12822 13696 435 170 »La
13431 13677 1129 222 Musique
14721 13639 1625 246 Tchěque«.Li-

10011 14022 680 184 brairie
10880 14017 836 213 Nilsson,
11934 13994 576 180 Paris.
13124 13956 1228 241 Cizojazyčná
14584 13951 931 189 literatura
15718 13994 113 123 o
16035 13923 411 184 naší

10020 14306 628 189 hudbě
10828 14301 1096 180 obohacena
12047 14339 250 170 po
12468 14258 472 198 delší
13120 14254 506 184 době
13809 14239 690 236 opětně
14679 14235 709 227 jednou
15567 14211 883 227 zdařilým

10025 14650 109 123 a
10257 14584 775 227 cenným
11164 14575 557 180 dílem
11844 14622 113 128 v
12071 14556 529 184 knize
12723 14532 1233 222 Hantichově,
14074 14528 510 180 která
14688 14518 312 184 má
15113 14509 331 189 své
15562 14494 893 236 specielní

10030 14863 737 241 poslání
10847 14920 227 123 ve
11159 14844 756 194 Francii.
12028 14839 326 236 Jak
12468 14830 761 189 celkové
13313 14811 987 189 roztřídění
14424 14797 855 194 rozsáhlé
15364 14792 539 227 látky,
15987 14839 99 128 z
16167 14778 298 184 níž

10035 15165 534 180 autor
10734 15146 628 231 vybírá
11523 15142 321 227 jen
11962 15109 1417 246 nejdůležitější,
13498 15109 302 180 tak
13918 15104 61 180 i
14098 15085 1106 241 zpracování
15364 15128 539 137 samo
16030 15066 435 184 dálo

10044 15496 203 123 se
10365 15496 90 123 s
10578 15430 822 231 bystrým
11518 15411 950 227 smyslem,
12591 15387 1285 246 projevujícím
14003 15373 562 236 pravé
14693 15350 1228 250 porozumění
16006 15354 47 175 i
16143 15340 293 189 dů-

10035 15718 822 184 kladnou
11074 15704 728 180 znalost
11967 15685 817 180 českého
13002 15666 643 194 umění
13857 15657 1148 184 hudebního.
15208 15628 1266 246 Spolehlivým

10049 16006 780 180 vůdcem
10956 16054 99 118 a
11178 15973 1398 194 ukazovatelem
12694 15964 430 231 byly
13247 15969 198 170 tu
13578 15945 1110 184 Hantichovi
14820 15921 992 198 historické
15935 15917 543 231 práce

10054 16299 331 175 Dr.
10502 16276 765 184 Zdeňka
11428 16252 1115 231 Nejedlého,
12676 16304 104 113 z
12898 16238 529 180 nichž
13559 16233 543 227 čerpá
14225 16233 557 222 nejen
14915 16276 109 123 v
15137 16214 638 180 úvodu
15902 16257 123 118 o
16153 16252 217 170 po-

10054 16569 690 184 čátcích
10923 16554 543 189 české
11603 16550 699 222 hudby,
12463 16531 572 236 nýbrž
13153 16531 52 175 i
13323 16573 123 128 v
13559 16521 487 180 nové
14178 16517 553 213 době,
14896 16498 761 184 kterouž
15841 16483 647 189 ovšem

10063 16852 742 231 podává
10923 16852 57 170 i
11098 16899 90 123 s
11310 16828 931 189 vlastními
12420 16814 676 222 názory
13276 16800 591 236 svými
13989 16852 109 123 a
14225 16791 671 180 hlavně
15024 16838 203 128 se
15406 16767 595 231 svými
16167 16814 222 180 po-

10063 17131 713 236 znatky.
10913 17126 142 180 A
11183 17117 539 184 může
11802 17117 198 170 to
12099 17098 685 213 učiniti,
12912 17079 983 241 poněvadž
14008 17065 591 236 prožil
14712 17065 340 175 kus
15180 17055 586 180 svého
15893 17041 609 180 života

10068 17428 430 227 jako
10691 17400 477 236 očitý
11296 17395 690 189 svědek
12189 17438 109 128 a
12515 17367 841 189 účastník
13521 17348 1106 194 hudebního
14825 17343 605 180 života
15628 17324 874 184 českého.

10077 17717 146 170 Z
10337 17707 553 222 knihy
11022 17679 1162 222 Hantichovy
12383 17660 506 184 získá
13002 17655 581 180 cizina
13701 17636 685 227 zdařilý
14518 17617 1091 194 informační
15742 17665 761 180 pramen

10068 17986 1011 236 jmenovitě
11206 18033 118 118 o
11447 17962 506 184 třech
12123 17948 638 184 našich
12931 17924 1191 198 velikánech;
14263 17972 118 128 o
14509 17910 1124 217 Smetanovi,
15803 17906 652 175 Dvořá-

10072 18279 430 180 kovi
10630 18326 104 128 a
10857 18250 1011 222 Fibichovi,
11986 18302 104 118 z
12203 18236 534 180 nichž
12850 18222 591 231 každý
13602 18217 841 227 vybaven
14565 18208 1304 180 samostatnou
15997 18189 515 180 črtou

10087 18567 274 231 při
10540 18562 283 184 vší
10998 18539 992 194 stručnosti
12175 18524 491 184 dosti
12850 18510 572 236 úplně
13602 18510 387 184 dílo
14164 18501 444 227 jeho
14731 18477 1389 250 vyčerpávající.
16252 18472 265 180 Po

10087 18850 430 180 nich
10644 18836 690 236 opětně
11457 18813 902 231 obšírněji
12543 18794 945 241 probráno
13606 18775 1039 241 trojhvězdi
14764 18765 1025 241 nejlepších
15917 18813 104 128 a
16143 18751 293 227 nej-

10087 19120 1228 246 vyspělejších
11443 19101 902 194 dnešních
12468 19082 780 194 vůdčích
13365 19082 435 175 hlav
13880 19063 831 189 hudební
14830 19106 912 189 generace
15865 19039 652 180 české:

10101 19417 898 208 Foerster,
11131 19394 369 184 Suk
11627 19450 104 118 a
11849 19375 666 189 Novák
12643 19422 99 128 a
12869 19351 1157 241 nejslibnější
14140 19408 104 123 z
14362 19332 1328 241 nejmladších:
15841 19328 699 180 Otakar

9430 1351 387 208 102
