2949 3048
1851 2149 73 74 11

624 1177 78 34 Bild
727 1181 43 30 ist
792 1177 127 34 Besitz.
960 1176 132 34 Darum
1117 1172 75 36 sind
1213 1172 66 33 Kin-

624 1225 57 34 der
707 1238 37 21 so
770 1223 103 36 reich.

693 1271 56 35 Ihr
764 1270 210 35 Reichthum
990 1273 43 31 ist
1051 1267 132 36 freilich
1200 1265 100 36 rohes

624 1318 101 41 Gold,
742 1317 94 35 nicht
854 1316 136 35 übliche
1003 1316 141 35 Münze.
1171 1312 81 36 Und
1267 1326 33 21 er

623 1365 132 35 scheint
776 1369 121 30 immer
914 1363 98 35 mehr
1029 1376 44 21 an
1087 1360 125 37 Werth
1235 1364 51 30 ein-

624 1413 183 40 zubüssen,
838 1414 29 39 je
891 1411 97 34 mehr
1013 1409 121 35 Macht
1164 1408 53 34 die
1242 1407 40 33 Er-

624 1459 148 44 ziehung
806 1462 168 40 gewinnt,
1013 1456 53 35 die
1101 1455 52 35 die
1191 1459 111 29 ersten

623 1505 303 36 unwillkürlichen
958 1503 71 35 und
1058 1514 87 31 ganz
1179 1500 106 34 indivi-

624 1553 135 35 duellen
777 1552 195 34 Eindrücke
995 1549 106 36 durch
1123 1546 157 36 überkom-

622 1613 98 22 mene
759 1599 70 35 und
866 1597 183 36 historisch
1087 1592 214 38 entwickelte

623 1646 150 44 Begriffe
793 1652 122 29 ersetzt
936 1644 71 35 und
1029 1643 52 35 die
1099 1642 123 41 Dinge,
1244 1639 57 35 der

623 1692 185 36 Tradition
833 1696 146 39 gemäss,
1006 1702 43 24 zu
1073 1686 229 38 werthvollen

623 1740 70 35 und
711 1738 293 40 unbedeutenden,
1026 1735 256 36 erstrebenswer-

623 1788 82 35 then
742 1786 69 35 und
847 1784 254 45 gleichgiltigen
1134 1780 167 43 stempelt.

623 1835 71 33 Das
720 1837 44 31 ist
786 1833 52 34 die
858 1834 74 33 Zeit
954 1831 58 35 der
1034 1827 267 43 Entscheidung.

623 1880 184 35 Entweder
833 1893 35 21 es
893 1878 103 35 bleibt
1022 1880 72 39 jene
1119 1874 99 35 Fülle
1244 1873 58 35 der

622 1926 117 35 Bilder
764 1925 189 36 unberührt
984 1924 111 34 hinter
1121 1922 76 34 dem
1222 1922 60 33 Ein-

623 1973 152 41 drängen
808 1972 57 34 der
902 1984 110 22 neuen
1045 1969 256 40 Erkenntnisse,

622 2020 79 35 oder
734 2018 52 36 die
820 2018 66 35 alte
915 2018 103 34 Liebe
1051 2015 154 36 versinkt
1235 2019 67 31 wie

623 2072 73 30 eine
709 2065 177 37 sterbende
902 2064 98 35 Stadt
1014 2068 35 31 in
1063 2064 76 35 dem
1148 2062 132 36 Aschen-

1389 578 104 30 regen
1514 565 107 35 dieser
1643 570 248 29 unerwarteten
1904 565 166 34 Vulcane.

1389 612 182 34 Entweder
1590 612 60 34 das
1670 613 100 33 Neue
1786 611 88 35 wird
1892 611 57 34 der
1963 612 108 40 Wall,

1389 657 58 34 der
1465 662 54 29 ein
1538 658 110 34 Stück
1665 658 171 34 Kindsein
1858 657 213 42 umschirmt,

1389 703 79 34 oder
1506 717 35 21 es
1577 705 88 33 wird
1704 705 53 34 die
1791 704 122 42 Fluth,
1950 704 53 35 die
2036 718 35 21 es

1389 749 227 35 rücksichtlos
1643 751 201 35 vernichtet.
1886 751 44 34 D.
1952 751 34 35 h.
2012 751 59 33 das

1389 796 96 34 Kind
1503 795 88 35 wird
1611 797 170 34 entweder
1803 798 84 34 älter
1909 797 71 35 und
1997 811 56 21 ver-

1389 842 173 43 ständiger
1579 846 47 30 im
1643 842 238 43 bürgerlichen
1900 845 97 39 Sinn,
2021 845 50 33 als

1389 889 105 35 Keim
1511 893 90 31 eines
1622 889 235 34 brauchbaren
1875 890 177 33 Staatsbür-

1389 949 88 29 gers,
1497 950 35 22 es
1547 940 71 32 tritt
1633 940 36 31 in
1682 936 66 35 den
1761 935 119 35 Orden
1895 936 174 34 SEINER

1389 984 74 33 Zeit
1478 987 54 31 ein
1549 983 70 35 und
1640 983 174 44 empfängt
1827 982 74 34 ihre
1911 982 159 41 Weihen,

1389 1029 80 35 oder
1497 1044 34 21 es
1560 1031 75 35 reift
1666 1030 134 36 einfach
1824 1029 103 44 ruhig
1952 1033 118 32 weiter

1389 1089 71 21 von
1477 1077 173 42 tiefinnen,
1672 1091 61 21 aus
1751 1082 128 30 seinem
1897 1081 174 39 eigensten

1389 1122 171 36 Kindsein
1578 1124 137 41 heraus,
1737 1125 69 35 und
1826 1125 60 35 das
1902 1123 169 42 bedeutet,

1389 1182 33 21 es
1439 1171 89 33 wird
1546 1171 147 34 Mensch
1712 1176 47 29 im
1776 1172 118 35 Geiste
1912 1171 159 34 ALLER

1389 1217 135 34 Zeiten:
1550 1217 181 36 Künstler.

1458 1263 38 34 In
1521 1263 116 36 diesen
1663 1263 126 37 Tiefen
1819 1265 69 35 und
1917 1265 94 35 nicht
2036 1269 36 30 in

1389 1309 65 34 den
1483 1309 127 44 Tagen
1643 1312 70 35 und
1742 1312 243 44 Erfahrungen
2014 1313 57 34 der

1390 1356 127 36 Schule
1534 1359 193 34 verbreiten
1744 1359 74 34 sich
1836 1359 53 35 die
1902 1359 170 37 Wurzeln

1389 1403 57 34 des
1483 1404 143 35 wahren
1659 1406 298 35 Künstlerthums.
2015 1406 57 35 Sie

1388 1450 150 36 wohnen
1563 1456 36 30 in
1624 1453 106 33 dieser
1754 1458 192 30 wärmeren
1971 1453 100 41 Erde,

1389 1501 35 29 in
1455 1497 58 35 der
1542 1502 228 39 niegestörten
1800 1501 97 34 Stille
1927 1500 144 35 dunkler

1389 1544 303 44 Entwicklungen,
1723 1546 53 35 die
1805 1546 113 36 nichts
1944 1551 128 31 wissen

1389 1604 71 21 von
1477 1591 76 35 dem
1570 1593 121 34 Maass
1709 1593 58 35 der
1785 1595 85 34 Zeit.
1902 1593 170 43 Möglich,

1390 1638 78 35 dass
1498 1639 123 35 andere
1648 1640 163 42 Stämme,
1842 1640 51 35 die
1924 1653 61 22 aus
2015 1640 56 34 der

1389 1685 209 44 Erziehung,
1619 1700 62 21 aus
1704 1687 75 35 dem
1801 1687 177 41 kühleren,
2002 1700 70 21 von

1390 1733 64 34 den
1471 1733 293 44 Veränderungen
1786 1734 56 35 der
1864 1734 207 34 Oberfläche

1389 1778 243 38 beeinflussten
1647 1781 119 34 Boden
1783 1781 73 34 ihre
1873 1781 123 34 Kräfte
2014 1780 38 34 he-

1389 1826 77 41 ben,
1484 1827 109 35 höher
1611 1832 36 30 in
1664 1828 65 34 den
1742 1828 153 34 Himmel
1908 1827 163 34 wachsen

1389 1873 51 35 als
1470 1887 38 21 so
1533 1878 55 31 ein
1617 1875 246 43 tiefgründiger
1888 1873 162 35 Künstler-

1389 1920 115 36 baum.
1554 1922 116 33 Dieser
1700 1922 125 34 streckt
1854 1920 94 35 nicht
1980 1922 91 33 seine

1390 1968 268 42 vergänglichen
1675 1968 116 41 Aeste,
1814 1967 105 36 durch
1941 1966 131 36 welche

1390 2014 52 35 die
1461 2015 149 34 Herbste
1634 2015 70 34 und
1726 2015 190 42 Frühlinge
1941 2013 130 41 ziehen,

1390 2073 43 24 zu
1464 2061 98 42 Gott,
1593 2060 76 36 dem
1698 2060 268 44 Ewigfremden,
1995 2060 75 42 hin;
