2919 3048
1296 1365 12 13 o
1330 1366 12 12 o
1365 1366 11 13 o
1398 1367 12 12 o
1429 1368 12 12 o
1464 1354 342 33 MITTEILUNGEN
1829 1365 11 13 °
1863 1365 12 12 °
1900 1364 12 13 °
1935 1364 12 13 °
1966 1363 12 13 °

1296 1400 85 31 DER
1397 1403 311 32 VEREINIGUNG
1730 1399 249 32 BILDENDER

1294 1454 12 12 °
1325 1454 12 13 0
1356 1441 234 42 KÜNSTLER
1613 1446 307 36 ÖSTERREICHS.
1937 1456 12 12 °
1968 1456 12 12 o

1074 1502 132 30 Februar
1216 1504 202 37 diesesJahres
1426 1513 195 28 veranstaltet

941 1537 66 28 J—'
1026 1541 47 28 die
1097 1542 207 39 Vereinigung
1332 1546 51 30 die'
1404 1549 142 30 Auktion
1571 1551 51 29 des

939 1579 242 31 künstlerischen
1191 1581 185 35 Nachlasses
1391 1588 78 30 ihres
1479 1590 92 29 leider
1583 1600 37 19 zu

939 1618 70 29 früh
1020 1618 297 39 dahingegangenen
1328 1625 229 38 Vorkämpfers,
1571 1629 49 29 des

940 1658 530 38 LandschaftsmalersTHEODOß
1477 1679 28 17 v.
1513 1661 81 36 HÖR-

940 1697 151 35 MANN,
1101 1699 130 29 welcher
1240 1711 50 18 am
1302 1704 10 26 t
1318 1702 76 36 Juli
1403 1707 73 28 1895
1483 1709 42 26 im
1536 1707 86 29 Alter

939 1748 62 18 von
1023 1739 38 28 55
1071 1737 114 36 Jahren
1201 1748 37 20 zu
1255 1739 78 32 Graz
1349 1745 165 29 verschied.
1543 1746 59 29 Hör-

939 1788 93 18 mann
1058 1777 123 29 wandte
1206 1778 62 29 sich
1294 1786 58 24 erst
1373 1784 41 27 im
1432 1784 92 34 Jahre
1549 1787 72 28 1883

938 1816 51 29 der
1015 1817 103 29 Kunst
1143 1827 51 22 zu,
1220 1818 149 31 nachdem
1394 1833 31 17 er
1453 1833 54 19 aus
1532 1823 90 31 Liebe

938 1866 53 20 zur
1005 1855 128 31 Malerei
1153 1859 81 27 seine
1250 1859 193 31 militärische
1458 1862 162 31 Laufbahn

938 1895 151 30 verlassen
1110 1896 96 30 hatte.
1249 1897 38 29 Er
1309 1910 62 17 war
1392 1900 55 30 auf
1467 1902 51 29 der
1533 1902 66 30 Aka-

937 1934 98 31 demie
1053 1936 125 30 Schüler
1200 1947 61 19 von
1276 1937 181 33 Lichtenfels
1479 1942 62 29 und
1556 1954 48 17 ver-

937 1973 114 31 dankte
1061 1977 100 33 später
1170 1976 78 29 viele
1254 1976 171 41 Anregung
1433 1980 57 30 den
1499 1982 121 29 Malern

937 2013 156 30 Schindler
1113 2017 32 26 in
1161 2015 100 35 Wien,
1283 2017 101 32 Collin
1405 2021 32 28 in
1452 2021 85 29 Paris
1558 2021 62 29 und

937 2052 109 30 Holzel
1062 2065 30 17 m
1107 2054 140 31 Dachau.
1275 2056 34 30 In
1324 2057 58 31 den
1398 2059 144 31 Wäldern
1558 2072 61 18 von

938 2091 160 36 Barbizon,
1106 2096 30 27 in
1145 2093 50 31 der
1200 2095 183 39 Umgegend
1394 2110 61 19 von
1461 2100 159 30 München

938 2130 152 36 (Dachau,
1102 2133 165 38 Wessling)
1289 2137 62 28 und
1372 2140 32 26 in
1426 2142 98 26 einem
1543 2139 76 36 idyl-

1710 1508 113 29 tischen
1846 1505 124 30 Winkel
1996 1504 47 30 bei
2065 1506 110 30 Znaim
2201 1510 37 27 ist
2264 1520 30 18 er
2315 1510 81 29 dann

1712 1547 93 30 durch
1832 1548 48 27 ein
1910 1544 154 30 wahrhaft
2089 1545 152 31 fanatisch
2267 1549 129 36 eifriges,

1711 1586 152 31 durchaus
1878 1583 217 38 selbständiges
2108 1585 141 29 Studium
2265 1597 37 19 zu
2317 1590 79 32 jener

1711 1626 103 29 hohen
1829 1623 241 30 künstlerischen
2086 1624 86 29 Stufe
2188 1625 134 37 gelangt,
2344 1627 53 28 auf

1711 1666 50 29 der
1787 1665 54 29 ihn
1867 1663 46 30 die
1936 1662 123 34 Werke,
2087 1663 47 29 die
2160 1663 100 30 diesen
2283 1665 114 35 Jahren

1711 1710 216 26 entstammen,
1967 1705 115 33 zeigen*
2152 1702 245 32 Unbekümmert

1710 1756 53 18 um
1778 1744 52 30 das
1843 1742 95 30 Urteil
1955 1741 49 29 des
2017 1741 192 35 Publikums,
2229 1742 51 29 der
2292 1743 104 30 Kritik

1711 1784 61 29 und
1803 1785 96 28 seiner
1925 1781 268 36 Kunstgenossen,
2228 1782 109 30 strebte
2366 1794 30 18 er

1710 1824 68 28 hart
1808 1821 62 30 und
1901 1821 56 28 fest
1987 1822 111 26 seinem
2124 1820 81 30 Ziele
2235 1827 161 32 entgegen*

1711 1863 60 29 Der
1798 1861 161 38 gewaltige
1986 1859 248 31 Wahrheitstrieb
2261 1861 62 30 und
2349 1862 46 30 die

1709 1899 212 40 kerngesunde
1936 1899 286 36 Ursprünglichkeit
2243 1904 30 26 in
2293 1904 101 28 seinen

1710 1941 121 29 Bildern
1853 1939 118 30 sichern
1987 1937 162 31 denselben
2164 1942 88 28 einen
2268 1941 108 31 dauern-

1709 1981 58 29 den
1778 1980 95 29 Wert*
1893 1978 224 34 Entsprechend
2132 1982 99 28 einem
2241 1981 153 32 Wunsche

1709 2020 51 29 des
1786 2017 237 34 Verstorbenen,
2052 2019 126 31 welcher
2209 2032 55 19 aus
2290 2022 104 30 dessen

1709 2056 296 33 Künstlerschicksal
2030 2057 282 42 hervorgegangen,
2339 2061 55 29 hat

1709 2099 47 29 die
1772 2098 111 29 Witwe
1908 2096 58 29 den
1986 2097 84 30 Erlös
2092 2109 37 20 zu
2153 2103 83 27 einer
2256 2101 136 36 Stiftung

1708 2138 48 29 für
1778 2135 260 36 emporstrebende
2060 2138 148 31 Künstler
2230 2139 163 30 bestimmt*

1054 2529 50 23 Für
1121 2530 38 23 die
1178 2531 144 26 Redaktion
1338 2538 218 23 verantwortlich:
1573 2539 132 25 Architekt
1723 2541 90 30 Joseph
1831 2542 37 23 M.
1882 2542 115 28 Olbrich,
2015 2544 80 22 Wien.

1264 2572 85 24 Druck
1366 2582 52 15 von
1436 2576 128 30 Breitkopf
1582 2578 25 24 &
1624 2579 88 23 Härtel
1729 2581 25 22 in
1771 2580 111 30 Leipzig.

1068 2177 73 70 32
