2969 3048
1078 2160 107 91 6

1397 847 46 49 D
1490 844 259 56 HAVV
1782 829 575 66 PAeCECUON'

1400 899 169 32 v
1569 899 339 32 Ji
2093 899 14 14 '
2129 899 13 7 9

1337 965 262 85 Massgebend
1621 969 47 28 für
1690 968 45 28 die
1750 965 252 33 Plandisposition
2024 962 92 28 dieses
2132 960 157 30 Gebäudes
2308 970 61 18 war

1440 1023 219 29 ausschlieslich
1674 1022 50 28 der
1739 1020 110 29 Zweck
1864 1017 163 30 desselben:
2043 1019 55 25 mit
2113 1015 57 29 den
2185 1014 184 29 einfachsten

1338 1078 122 28 Mitteln
1475 1080 87 26 einen
1582 1076 206 29 brauchbaren
1802 1072 142 30 Rahmen
1963 1071 47 28 für
2025 1069 46 29 die
2090 1068 181 36 Thätigkeit
2292 1069 79 26 einer

1339 1131 160 29 modernen
1514 1131 343 33 Künstlervereinigung
1872 1123 184 38 abzugeben*
2083 1123 38 28 Es
2136 1121 122 29 wurden
2280 1120 92 29 daher

1340 1188 183 34 geräumige,
1543 1187 31 26 in
1589 1186 97 27 Breite
1701 1182 60 30 und
1777 1180 91 30 Höhe
1883 1178 107 37 richtig
2005 1177 179 31 bemessene,
2202 1186 30 17 m
2248 1186 46 17 ein
2311 1174 60 28 und

1340 1238 148 30 derselben
1504 1239 99 29 Ebene
1619 1238 143 37 gelegene
1778 1233 318 36 Ausstellungsräume
2112 1228 183 39 geschaffen,
2314 1227 44 29 die-

1340 1292 97 29 selben
1462 1296 40 26 im
1529 1293 141 29 Interesse
1701 1289 123 30 leichter
1854 1288 211 34 Orientierung
2095 1290 86 23 unter
2211 1283 161 35 Betonung

1341 1348 78 26 einer
1444 1346 196 36 Hauptachse
1666 1342 194 39 angeordnet,
1888 1341 92 28 durch
2005 1340 91 28 Heiz-
2123 1338 61 29 und
2209 1337 145 35 Lüftungs-

1342 1400 128 36 anlagen
1500 1401 238 36 gleichmässige,
1764 1395 188 37 angenehme
1977 1391 396 36 Temperaturverhältnisse

1342 1453 98 29 erzielt
1465 1454 61 28 und
1548 1454 46 29 die
1616 1451 209 36 Lichtquellen
1847 1460 31 18 so
1901 1446 195 38 angeordnet,
2119 1445 66 28 dass
2207 1445 57 28 alle
2286 1442 87 30 Teile

1342 1506 50 29 der
1413 1507 315 37 Ausstellungsräume
1753 1502 133 32 dasselbe
1913 1501 227 37 gleichmässige
2161 1498 105 36 ruhige
2288 1497 86 28 Licht

1342 1561 181 36 empfangen
1547 1562 62 28 und
1634 1564 47 26 ein
1703 1558 140 37 Spiegeln
1869 1556 49 29 der
1943 1554 227 37 aufgehängten
2191 1551 98 29 Bilder
2310 1562 48 17 ver-

1343 1614 115 29 mieden
1480 1615 153 29 erscheint*

1420 1669 60 27 Um
1494 1669 46 28 die
1549 1669 218 35 Raumteilung
1781 1667 50 29 der
1842 1660 271 37 Ausstellungssäle
2123 1659 57 29 den
2194 1658 180 30 besonderen

1344 1721 208 29 Bedürfnissen
1574 1722 49 28 der
1643 1722 163 36 jeweiligen
1822 1720 217 34 Expositionen
2054 1724 146 25 anpassen
2215 1711 60 30 und
2291 1715 63 32 mög-

1343 1775 87 28 lichst
1455 1775 325 36 abwechslungsreiche
1804 1769 218 34 Gesamtbilder
2054 1766 151 31 derselben
2228 1765 147 29 erreichen

1345 1838 36 19 zu
1396 1828 123 29 können
1534 1828 101 29 wurde
1654 1829 52 29 das
1722 1829 86 29 Dach
1824 1828 49 29 des
1888 1826 119 29 Hauses
2023 1823 53 28 auf
2090 1821 83 29 sechs
2188 1821 123 28 Stützen
2327 1829 48 25 ge-
