2973 3048
1060 2147 71 71 22

930 534 173 56 DER
1135 532 271 56 WEISE
1438 532 174 54 UND

930 610 162 56 DAS
1133 605 481 59 SCHICKSAL.

935 701 78 91 Es
1039 700 67 30 sind
1129 699 80 29 noch
1236 699 84 30 nicht
1343 700 78 30 zehn
1439 701 92 35 Jahre
1553 701 63 33 her,

1021 740 39 29 da
1069 743 86 26 tönte
1167 750 54 18 aus
1231 739 80 29 allen
1323 740 293 36 symptomatischen

1022 779 141 29 Büchern
1174 778 51 31 der
1234 780 67 29 Zeit
1311 779 53 30 das
1371 779 162 37 Klagelied
1543 791 73 18 vom

931 818 189 38 endgiltigen
1135 819 186 30 Bankbruch
1336 819 51 30 des
1397 819 126 29 Lebens.
1542 819 50 29 Wo-

931 869 38 20 zu
991 858 40 30 all
1055 858 91 30 dieses
1165 859 120 30 Mühen
1307 858 62 30 und
1385 858 128 37 Plagen,
1528 868 89 20 wozu

931 898 51 30 der
1003 901 96 35 ewige
1114 899 141 30 Schmerz
1276 897 63 30 und
1354 896 90 30 selbst
1459 897 47 29 die
1522 898 95 36 karge

930 938 93 30 Lust?
1066 938 99 30 Wozu
1194 937 62 30 und
1282 937 49 28 für
1355 947 68 18 wen
1449 936 62 29 dies
1538 939 79 26 sinn-

930 978 62 29 und
1024 979 136 35 planlose
1190 975 178 35 Schauspiel
1399 974 50 30 des
1481 976 117 28 mensch-

930 1018 99 29 lichen
1045 1018 139 31 Daseins,
1207 1015 53 29 das
1282 1014 51 29 der
1348 1014 102 29 Zufall
1466 1014 151 37 gedichtet

930 1056 63 30 und
1003 1056 68 29 dem
1083 1054 143 37 plötzlich
1237 1053 50 29 der
1295 1053 143 37 göttliche
1444 1053 174 31 Zuschauer

930 1095 113 30 fehlte?
1085 1094 75 28 Was
1186 1104 62 18 war
1274 1103 29 18 es
1329 1095 40 26 im
1392 1092 138 36 Grunde,
1556 1094 61 29 dies

930 1133 128 30 irdische
1077 1131 119 30 Leben?
1227 1131 59 29 Wo
1308 1134 62 27 sein
1386 1132 128 30 Zweck?
1543 1133 74 29 Was

930 1176 63 26 sein
1006 1172 82 29 Ziel?
1103 1172 39 28 Es
1153 1171 75 29 kam
1240 1170 51 30 der
1301 1171 142 38 Morgen,
1454 1172 38 30 da
1503 1172 115 30 tödtete

931 1223 30 18 es
981 1211 50 30 der
1047 1210 101 29 blinde
1164 1209 109 30 Hödur
1287 1210 61 29 und
1364 1213 80 28 seine
1459 1212 159 35 Lichtspur

931 1262 63 18 war
1009 1261 73 18 vom
1093 1249 136 29 Himmel
1243 1249 273 37 hinweggelöscht.
1546 1251 72 29 Und

932 1301 63 18 war
1017 1300 30 18 es
1069 1288 80 29 denn
1171 1288 157 29 wirklich?
1354 1289 73 29 Was
1449 1302 62 17 war
1533 1289 86 30 über-

1700 532 97 35 haupt
1805 532 12 28 ?
1839 532 88 29 Kant
1942 532 62 27 und
2016 532 190 31 Helmholtz,
2222 532 50 25 der
2284 532 85 24 Philo-

1700 571 75 35 soph
1805 570 63 30 und
1894 569 50 29 der
1971 568 164 35 Physiker,
2165 567 85 31 beide
2280 567 106 29 hatten

1700 611 53 29 das
1763 621 101 26 grosse
1873 607 221 38 Fragezeichen
2104 608 72 29 über
2186 607 58 30 alle
2250 605 117 31 mensch-

1700 650 78 29 liche
1811 648 174 35 Erfahrung
2021 652 124 31 gesetzt*
2195 647 58 29 Die
2287 646 100 30 tiefste

1701 686 220 33 Wissenschaft
1943 685 51 30 des
2016 686 139 29 Denkers
2177 686 62 29 und
2261 685 51 30 des
2328 685 40 30 Ge-

1699 728 118 30 lehrten
1833 726 149 30 erklärten
1998 725 47 29 die
2055 725 93 34 Welt,
2159 725 47 30 die
2216 728 55 27 wir
2282 725 106 32 sahen,

1701 768 48 29 für
1776 769 66 27 eine
1864 765 235 30 Hallucination
2124 775 120 19 unseres
2266 765 122 29 Hirnes.

1701 807 74 30 Was
1810 805 88 31 stand
1934 804 172 34 überhaupt
2139 804 99 29 noch?
2290 803 98 30 Selbst

1701 846 158 30 innerhalb
1895 844 51 30 der
1980 842 224 31 menschlichen
2238 843 132 29 Phantas-

1702 888 146 35 magorie,
1868 884 47 29 die
1934 894 56 19 uns
2005 881 185 30 umschloss?
2213 882 57 29 Die
2284 882 104 29 Kritik

1702 926 87 29 hatte
1804 925 76 29 Gott
1902 922 137 37 getödtet
2060 920 62 30 und
2143 920 51 30 der
2209 921 102 29 Moral
2326 921 63 30 ihre

1703 964 205 30 Grundfesten
1938 966 166 31 entzogen;
2130 959 53 30 das
2204 960 102 29 Leben
2327 972 62 18 war

1702 1015 62 18 von
1779 1003 93 29 heute
1888 1001 54 29 auf
1953 1010 137 27 morgen,
2101 1002 48 26 ein
2160 1001 100 27 wirres
2272 999 98 29 Durch-

1703 1040 249 32 einanderlaufen
1991 1050 62 18 von
2093 1038 296 37 Bewegungslinien,

1702 1082 47 29 die
1770 1083 55 27 wir
1846 1080 48 29 für
1913 1077 199 38 nothwendig
2127 1077 103 30 halten
2245 1083 146 28 mussten,

1702 1121 39 29 da
1771 1122 53 27 wir
1854 1121 42 26 sie
1922 1117 115 30 sinnlos
2063 1117 124 29 fanden.
2230 1117 86 29 Alles
2342 1120 49 25 ein

1703 1160 113 32 Chaos,
1822 1161 30 26 in
1863 1158 68 29 dem
1936 1160 55 26 wir
1999 1157 99 29 nichts
2106 1156 85 30 mehr
2201 1155 159 38 begriffen.
2368 1176 22 9 ♦.

1703 1200 74 28 Eine
1812 1197 195 37 ungeheuere
2038 1196 237 37 Muthlosigkeit
2306 1195 84 30 hatte

1703 1238 53 30 das
1778 1247 97 27 ganze
1897 1238 124 36 jüngere
2037 1236 182 30 Geschlecht
2238 1235 153 37 ergriffen.

1704 1279 62 28 Der
1775 1277 82 29 beste
1868 1276 166 29 Ausdruck
2044 1276 88 29 dafür
2142 1286 63 19 war
2214 1274 48 31 die
2272 1274 99 30 drama-

1704 1316 94 30 tische
1824 1316 94 29 Scene
1948 1318 79 26 eines
2054 1315 149 29 Dichters.
2245 1314 40 29 Er
2311 1314 80 30 stellt

1704 1356 48 29 die
1767 1355 196 30 Menschheit
1982 1356 42 27 im
2038 1354 67 29 Bild
2124 1357 80 27 einer
2220 1354 94 30 Schar
2328 1365 62 18 von

1705 1394 127 30 Blinden
1855 1393 67 34 dar,
1944 1393 49 29 die
2013 1393 62 29 sich
2097 1396 30 26 in
2149 1396 98 27 einem
2268 1404 122 25 grossen

1705 1434 139 30 dunklen
1868 1432 92 30 Wald
1990 1432 148 29 verloren.
2185 1433 50 29 Ihr
2266 1432 124 33 Führer,

1704 1476 47 27 ein
1778 1472 111 30 uralter
1910 1472 141 33 Priester,
2080 1471 55 30 hat
2160 1474 41 27 sie
2227 1471 164 33 verlassen;

1704 1525 64 18 nun
1794 1514 107 27 wissen
1931 1513 42 27 sie
2002 1510 83 30 nicht
2106 1510 79 38 Weg
2214 1510 80 30 noch
2316 1510 75 29 Ziel.

1705 1552 137 34 Einzeln,
1863 1549 141 34 frierend,
2027 1549 201 34 schaudernd,
2242 1552 93 27 sitzen
2350 1551 41 27 sie

1704 1597 87 25 unter
1810 1590 59 30 den
1887 1589 104 29 hohen
2007 1589 149 34 Bäumen,
2171 1589 144 29 einander
2328 1589 63 28 nah

1704 1631 62 30 und
1793 1629 79 31 doch
1902 1639 56 18 nur
1983 1627 52 30 der
2062 1628 127 29 Stimme
2217 1627 175 33 erreichbar,

1704 1670 47 30 die
1772 1681 63 18 von
1858 1668 69 29 dem
1949 1668 96 28 Einen
2067 1677 70 20 zum
2152 1667 145 29 Anderen
2319 1667 54 28 Bot-

1703 1710 99 30 schaft
1827 1708 103 36 bringt
1956 1717 62 18 von
2041 1705 51 30 der
2112 1706 155 29 rathlosen
2290 1706 102 36 Angst

1704 1749 62 29 und
1794 1748 51 29 der
1866 1750 125 27 inneren
2013 1745 198 29 Einsamkeit.
2227 1765 8 9 .
2250 1765 9 9 ♦
2301 1745 90 29 Diese

1704 1789 116 36 Angst,
1841 1786 218 36 Lebensangst,
2082 1784 47 29 die
2151 1783 239 34 Dunkelfurcht,

1705 1825 297 37 Gespensterfurcht,
2031 1823 53 30 das
2106 1823 115 29 Gefühl
2243 1822 50 30 des
2314 1823 58 29 Ver-

1703 1867 98 29 loren-
1839 1865 61 30 und
1935 1863 243 31 Verlassenseins
2219 1862 57 37 gab
2312 1864 79 28 einer

1705 1916 118 26 ganzen
1838 1904 123 36 Epoche
1982 1903 65 29 ihre
2067 1904 125 35 geistige
2206 1901 63 30 und
2284 1901 89 30 künst-

1703 1945 124 29 lerische
1850 1942 233 32 Sondermarke.
2124 1941 72 30 Und
2225 1952 66 19 nun
2311 1941 80 30 steht

1705 1984 46 29 die
1773 1984 83 29 Welt
1877 1995 55 18 vor
1954 1985 80 27 einer
2055 1992 99 19 neuen
2177 1980 127 31 Wende.

1764 2023 75 29 Was
1863 2023 55 29 hat
1944 2022 63 29 sich
2031 2021 151 37 begeben?
2222 2022 41 28 Ist
2285 2031 30 19 es
2336 2031 56 19 nur

1705 2062 47 29 die
1788 2062 169 29 natürliche
1991 2062 177 36 Bewegung
2209 2060 50 29 des
2299 2058 74 38 abge-

1704 2101 177 29 schnurrten
1897 2101 141 32 Kreisels,
2061 2100 51 29 der
2133 2100 73 33 sich,
2226 2098 79 29 nach
2321 2097 68 29 dem
