<?xml version="1.0" encoding="UTF-8"?>
<alto xmlns:xsi="http://www.w3.org/2001/XMLSchema-instance" xmlns="http://www.loc.gov/standards/alto/ns-v2#" xsi:schemaLocation="http://www.loc.gov/standards/alto/ns-v2# http://www.loc.gov/standards/alto/v2/alto-2-0.xsd" xmlns:xlink="http://www.w3.org/1999/xlink">
	<Description>
		<MeasurementUnit>mm10</MeasurementUnit>
		<sourceImageInformation>
			<fileName>//fileserver7/IN2/Princeton-Blue Mountain/bmtnabf/issues/1899/01/00000023.tif</fileName>
		</sourceImageInformation>
		<OCRProcessing ID="OCRPROCESSING_1">
			<preProcessingStep>
				<processingSoftware>
					<softwareCreator>CCS Content Conversion Specialists GmbH, Hamburg, Germany</softwareCreator>
					<softwareName>CCS docWorks</softwareName>
					<softwareVersion>7.0-1.52</softwareVersion>
				</processingSoftware>
			</preProcessingStep>
			<ocrProcessingStep>
				<processingSoftware>
					<softwareCreator>ABBYY (BIT Software), Russia</softwareCreator>
					<softwareName>FineReader</softwareName>
					<softwareVersion>11.0</softwareVersion>
				</processingSoftware>
			</ocrProcessingStep>
			<postProcessingStep>
				<processingSoftware>
					<softwareCreator>CCS Content Conversion Specialists GmbH, Hamburg, Germany</softwareCreator>
					<softwareName>CCS docWorks</softwareName>
					<softwareVersion>7.0-1.52</softwareVersion>
					<applicationDescription>docWorks: Text modified manually, or automatically replaced</applicationDescription>
				</processingSoftware>
			</postProcessingStep>
		</OCRProcessing>
	</Description>
	<Styles>
		<TextStyle ID="TXT_0" FONTSIZE="8" FONTFAMILY="swe.GoudyBookletter1911Bold"/>
		<TextStyle ID="TXT_1" FONTSIZE="11" FONTFAMILY="Times New Roman"/>
		<TextStyle ID="TXT_2" FONTSIZE="6" FONTFAMILY="Times New Roman"/>
		<ParagraphStyle ID="PAR_RIGHT" ALIGN="Right"/>
		<ParagraphStyle ID="PAR_BLOCK" ALIGN="Block"/>
	</Styles>
	<Layout>
		<Page ID="P23" PHYSICAL_IMG_NR="23" HEIGHT="3048" WIDTH="2905" PRINTED_IMG_NR="17" PC="0.978">
			<TopMargin ID="P23_TM00001" HPOS="0" VPOS="0" WIDTH="2905" HEIGHT="520"/>
			<LeftMargin ID="P23_LM00001" HPOS="0" VPOS="520" WIDTH="522" HEIGHT="1607"/>
			<RightMargin ID="P23_RM00001" HPOS="1974" VPOS="520" WIDTH="931" HEIGHT="1607"/>
			<BottomMargin ID="P23_BM00001" HPOS="0" VPOS="2127" WIDTH="2905" HEIGHT="921">
				<TextBlock ID="P23_TB00001" HPOS="1764" VPOS="2128" WIDTH="77" HEIGHT="74" STYLEREFS="TXT_0 PAR_RIGHT">
					<TextLine ID="P23_TL00001" HPOS="1764" VPOS="2128" WIDTH="77" HEIGHT="74" CS="1">
						<String ID="P23_ST00001" HPOS="1764" VPOS="2128" WIDTH="77" HEIGHT="74" CONTENT="17" WC="0.98" CC="00"/>
					</TextLine>
				</TextBlock>
			</BottomMargin>
			<PrintSpace ID="P23_PS00001" HPOS="522" VPOS="520" WIDTH="1452" HEIGHT="1607">
				<TextBlock ID="P23_TB00002" HPOS="522" VPOS="524" WIDTH="686" HEIGHT="1567" STYLEREFS="TXT_1 PAR_BLOCK">
					<TextLine ID="P23_TL00002" HPOS="524" VPOS="525" WIDTH="677" HEIGHT="41">
						<String ID="P23_ST00002" HPOS="524" VPOS="536" WIDTH="51" HEIGHT="30" CONTENT="der" WC="0.94" CC="870"/>
						<SP ID="P23_SP00001" HPOS="575" VPOS="566" WIDTH="16"/>
						<String ID="P23_ST00003" HPOS="591" VPOS="532" WIDTH="183" HEIGHT="33" CONTENT="unheilvolle" WC="0.98" CC="67767750377"/>
						<SP ID="P23_SP00002" HPOS="774" VPOS="566" WIDTH="13"/>
						<String ID="P23_ST00004" HPOS="787" VPOS="529" WIDTH="117" HEIGHT="31" CONTENT="Glaube" WC="0.97" CC="475980"/>
						<SP ID="P23_SP00003" HPOS="904" VPOS="566" WIDTH="13"/>
						<String ID="P23_ST00005" HPOS="917" VPOS="539" WIDTH="38" HEIGHT="19" CONTENT="an" WC="0.29" CC="76"/>
						<SP ID="P23_SP00004" HPOS="955" VPOS="566" WIDTH="12"/>
						<String ID="P23_ST00006" HPOS="967" VPOS="526" WIDTH="52" HEIGHT="30" CONTENT="das" WC="0.97" CC="700"/>
						<SP ID="P23_SP00005" HPOS="1019" VPOS="566" WIDTH="12"/>
						<String ID="P23_ST00007" HPOS="1031" VPOS="525" WIDTH="139" HEIGHT="34" CONTENT="„Wissen" WC="0.74" CC="7072000"/>
						<SP ID="P23_SP00006" HPOS="1170" VPOS="566" WIDTH="24"/>
						<String ID="P23_ST00008" HPOS="1194" VPOS="544" WIDTH="7" HEIGHT="13" CONTENT="," WC="0.54" CC="4"/>
					</TextLine>
					<TextLine ID="P23_TL00003" HPOS="524" VPOS="564" WIDTH="677" HEIGHT="44">
						<String ID="P23_ST00009" HPOS="524" VPOS="577" WIDTH="67" HEIGHT="29" CONTENT="dass" WC="0.98" CC="9001"/>
						<SP ID="P23_SP00007" HPOS="591" VPOS="606" WIDTH="21"/>
						<String ID="P23_ST00010" HPOS="612" VPOS="585" WIDTH="71" HEIGHT="18" CONTENT="man" WC="0.98" CC="500"/>
						<SP ID="P23_SP00008" HPOS="683" VPOS="606" WIDTH="22"/>
						<String ID="P23_ST00011" HPOS="705" VPOS="572" WIDTH="46" HEIGHT="29" CONTENT="die" WC="1.00" CC="000"/>
						<SP ID="P23_SP00009" HPOS="751" VPOS="606" WIDTH="16"/>
						<String ID="P23_ST00012" HPOS="767" VPOS="580" WIDTH="96" HEIGHT="28" CONTENT="ganze" WC="0.98" CC="70090"/>
						<SP ID="P23_SP00010" HPOS="863" VPOS="608" WIDTH="16"/>
						<String ID="P23_ST00013" HPOS="879" VPOS="568" WIDTH="81" HEIGHT="30" CONTENT="Welt" WC="0.97" CC="6070"/>
						<SP ID="P23_SP00011" HPOS="960" VPOS="608" WIDTH="20"/>
						<String ID="P23_ST00014" HPOS="980" VPOS="568" WIDTH="105" HEIGHT="27" CONTENT="wissen" WC="0.99" CC="500008"/>
						<SP ID="P23_SP00012" HPOS="1085" VPOS="608" WIDTH="22"/>
						<String ID="P23_ST00015" HPOS="1107" VPOS="564" WIDTH="94" HEIGHT="32" CONTENT="kann," WC="0.98" CC="60004"/>
					</TextLine>
					<TextLine ID="P23_TL00004" HPOS="524" VPOS="604" WIDTH="677" HEIGHT="41">
						<String ID="P23_ST00016" HPOS="524" VPOS="616" WIDTH="63" HEIGHT="29" CONTENT="also" WC="0.98" CC="0503"/>
						<SP ID="P23_SP00013" HPOS="587" VPOS="645" WIDTH="16"/>
						<String ID="P23_ST00017" HPOS="603" VPOS="612" WIDTH="79" HEIGHT="31" CONTENT="auch" WC="0.98" CC="0007"/>
						<SP ID="P23_SP00014" HPOS="682" VPOS="645" WIDTH="15"/>
						<String ID="P23_ST00018" HPOS="697" VPOS="611" WIDTH="46" HEIGHT="30" CONTENT="die" WC="0.98" CC="060"/>
						<SP ID="P23_SP00015" HPOS="743" VPOS="645" WIDTH="15"/>
						<String ID="P23_ST00019" HPOS="758" VPOS="611" WIDTH="112" HEIGHT="28" CONTENT="Kunst*" WC="0.99" CC="400007"/>
						<SP ID="P23_SP00016" HPOS="870" VPOS="645" WIDTH="22"/>
						<String ID="P23_ST00020" HPOS="892" VPOS="608" WIDTH="91" HEIGHT="35" CONTENT="(Man" WC="0.99" CC="0500"/>
						<SP ID="P23_SP00017" HPOS="983" VPOS="645" WIDTH="20"/>
						<String ID="P23_ST00021" HPOS="1003" VPOS="604" WIDTH="80" HEIGHT="30" CONTENT="redet" WC="0.99" CC="70000"/>
						<SP ID="P23_SP00018" HPOS="1083" VPOS="645" WIDTH="15"/>
						<String ID="P23_ST00022" HPOS="1098" VPOS="605" WIDTH="28" HEIGHT="33" CONTENT="ja" WC="0.65" CC="60"/>
						<SP ID="P23_SP00019" HPOS="1126" VPOS="645" WIDTH="14"/>
						<String ID="P23_ST00023" HPOS="1140" VPOS="613" WIDTH="61" HEIGHT="17" CONTENT="von" WC="0.99" CC="200"/>
					</TextLine>
					<TextLine ID="P23_TL00005" HPOS="524" VPOS="642" WIDTH="622" HEIGHT="43">
						<String ID="P23_ST00024" HPOS="524" VPOS="655" WIDTH="220" HEIGHT="30" CONTENT="Kunstwissen," WC="1.00" CC="080001700007"/>
						<SP ID="P23_SP00020" HPOS="744" VPOS="685" WIDTH="22"/>
						<String ID="P23_ST00025" HPOS="766" VPOS="648" WIDTH="225" HEIGHT="31" CONTENT="Kunstkennen" WC="1.00" CC="00000500000"/>
						<SP ID="P23_SP00021" HPOS="991" VPOS="685" WIDTH="22"/>
						<String ID="P23_ST00026" HPOS="1013" VPOS="656" WIDTH="29" HEIGHT="18" CONTENT="u*" WC="1.00" CC="00"/>
						<SP ID="P23_SP00022" HPOS="1042" VPOS="685" WIDTH="16"/>
						<String ID="P23_ST00027" HPOS="1058" VPOS="655" WIDTH="22" HEIGHT="17" CONTENT="s*" WC="1.00" CC="00"/>
						<SP ID="P23_SP00023" HPOS="1080" VPOS="685" WIDTH="16"/>
						<String ID="P23_ST00028" HPOS="1096" VPOS="642" WIDTH="50" HEIGHT="34" CONTENT="w*)" WC="0.99" CC="000"/>
					</TextLine>
					<TextLine ID="P23_TL00006" HPOS="583" VPOS="683" WIDTH="619" HEIGHT="44">
						<String ID="P23_ST00029" HPOS="583" VPOS="693" WIDTH="49" HEIGHT="30" CONTENT="Sie" WC="1.00" CC="000"/>
						<SP ID="P23_SP00024" HPOS="632" VPOS="723" WIDTH="25"/>
						<String ID="P23_ST00030" HPOS="657" VPOS="691" WIDTH="113" HEIGHT="36" CONTENT="fangen" WC="0.99" CC="000700"/>
						<SP ID="P23_SP00025" HPOS="770" VPOS="727" WIDTH="26"/>
						<String ID="P23_ST00031" HPOS="796" VPOS="692" WIDTH="31" HEIGHT="26" CONTENT="in" WC="1.00" CC="00"/>
						<SP ID="P23_SP00026" HPOS="827" VPOS="727" WIDTH="26"/>
						<String ID="P23_ST00032" HPOS="853" VPOS="685" WIDTH="181" HEIGHT="39" CONTENT="ängstlicher" WC="0.99" CC="50000400707"/>
						<SP ID="P23_SP00027" HPOS="1034" VPOS="727" WIDTH="26"/>
						<String ID="P23_ST00033" HPOS="1060" VPOS="683" WIDTH="78" HEIGHT="28" CONTENT="Hast" WC="1.00" CC="0000"/>
						<SP ID="P23_SP00028" HPOS="1138" VPOS="727" WIDTH="25"/>
						<String ID="P23_ST00034" HPOS="1163" VPOS="691" WIDTH="39" HEIGHT="18" CONTENT="an" WC="1.00" CC="00"/>
					</TextLine>
					<TextLine ID="P23_TL00007" HPOS="524" VPOS="719" WIDTH="679" HEIGHT="45">
						<String ID="P23_ST00035" HPOS="524" VPOS="744" WIDTH="38" HEIGHT="19" CONTENT="zu" WC="0.54" CC="90"/>
						<SP ID="P23_SP00029" HPOS="562" VPOS="763" WIDTH="26"/>
						<String ID="P23_ST00036" HPOS="588" VPOS="733" WIDTH="96" HEIGHT="31" CONTENT="lesen," WC="0.99" CC="400004"/>
						<SP ID="P23_SP00030" HPOS="684" VPOS="764" WIDTH="27"/>
						<String ID="P23_ST00037" HPOS="711" VPOS="741" WIDTH="37" HEIGHT="19" CONTENT="zu" WC="1.00" CC="00"/>
						<SP ID="P23_SP00031" HPOS="748" VPOS="764" WIDTH="28"/>
						<String ID="P23_ST00038" HPOS="776" VPOS="727" WIDTH="134" HEIGHT="30" CONTENT="horchen" WC="1.00" CC="0000000"/>
						<SP ID="P23_SP00032" HPOS="910" VPOS="764" WIDTH="28"/>
						<String ID="P23_ST00039" HPOS="938" VPOS="724" WIDTH="52" HEIGHT="30" CONTENT="auf" WC="0.99" CC="001"/>
						<SP ID="P23_SP00033" HPOS="990" VPOS="764" WIDTH="21"/>
						<String ID="P23_ST00040" HPOS="1011" VPOS="723" WIDTH="104" HEIGHT="28" CONTENT="Worte" WC="0.98" CC="93000"/>
						<SP ID="P23_SP00034" HPOS="1115" VPOS="764" WIDTH="27"/>
						<String ID="P23_ST00041" HPOS="1142" VPOS="719" WIDTH="61" HEIGHT="30" CONTENT="und" WC="1.00" CC="000"/>
					</TextLine>
					<TextLine ID="P23_TL00008" HPOS="524" VPOS="759" WIDTH="679" HEIGHT="42">
						<String ID="P23_ST00042" HPOS="524" VPOS="772" WIDTH="171" HEIGHT="29" CONTENT="Manieren*" WC="0.99" CC="506000004"/>
						<SP ID="P23_SP00035" HPOS="695" VPOS="801" WIDTH="29"/>
						<String ID="P23_ST00043" HPOS="724" VPOS="768" WIDTH="82" HEIGHT="30" CONTENT="Aber" WC="0.98" CC="2700"/>
						<SP ID="P23_SP00036" HPOS="806" VPOS="801" WIDTH="15"/>
						<String ID="P23_ST00044" HPOS="821" VPOS="763" WIDTH="232" HEIGHT="32" CONTENT="Geschriebenes" WC="1.00" CC="0003700000000"/>
						<SP ID="P23_SP00037" HPOS="1053" VPOS="801" WIDTH="15"/>
						<String ID="P23_ST00045" HPOS="1068" VPOS="759" WIDTH="61" HEIGHT="30" CONTENT="und" WC="1.00" CC="000"/>
						<SP ID="P23_SP00038" HPOS="1129" VPOS="801" WIDTH="16"/>
						<String ID="P23_ST00046" HPOS="1145" VPOS="759" WIDTH="39" HEIGHT="28" CONTENT="Ge" SUBS_TYPE="HypPart1" SUBS_CONTENT="Gesprochenes" WC="0.98" CC="00"/>
						<HYP HPOS="1184" VPOS="759" WIDTH="19" CONTENT="-"/>
					</TextLine>
					<TextLine ID="P23_TL00009" HPOS="525" VPOS="798" WIDTH="678" HEIGHT="49">
						<String ID="P23_ST00047" HPOS="525" VPOS="811" WIDTH="178" HEIGHT="36" CONTENT="sprochenes" SUBS_TYPE="HypPart2" SUBS_CONTENT="Gesprochenes" WC="1.00" CC="2600000000"/>
						<SP ID="P23_SP00039" HPOS="703" VPOS="847" WIDTH="28"/>
						<String ID="P23_ST00048" HPOS="731" VPOS="807" WIDTH="70" HEIGHT="30" CONTENT="über" WC="0.98" CC="0700"/>
						<SP ID="P23_SP00040" HPOS="801" VPOS="847" WIDTH="28"/>
						<String ID="P23_ST00049" HPOS="829" VPOS="803" WIDTH="135" HEIGHT="33" CONTENT="zeitliche" WC="0.99" CC="000077077"/>
						<SP ID="P23_SP00041" HPOS="964" VPOS="847" WIDTH="25"/>
						<String ID="P23_ST00050" HPOS="989" VPOS="801" WIDTH="101" HEIGHT="29" CONTENT="Kunst" WC="1.00" CC="00000"/>
						<SP ID="P23_SP00042" HPOS="1090" VPOS="847" WIDTH="29"/>
						<String ID="P23_ST00051" HPOS="1119" VPOS="798" WIDTH="84" HEIGHT="28" CONTENT="rührt" WC="0.98" CC="08071"/>
					</TextLine>
					<TextLine ID="P23_TL00010" HPOS="526" VPOS="837" WIDTH="677" HEIGHT="50">
						<String ID="P23_ST00052" HPOS="526" VPOS="861" WIDTH="70" HEIGHT="19" CONTENT="zum" WC="1.00" CC="000"/>
						<SP ID="P23_SP00043" HPOS="596" VPOS="880" WIDTH="16"/>
						<String ID="P23_ST00053" HPOS="612" VPOS="852" WIDTH="133" HEIGHT="35" CONTENT="grössten" WC="0.99" CC="00600050"/>
						<SP ID="P23_SP00044" HPOS="745" VPOS="887" WIDTH="11"/>
						<String ID="P23_ST00054" HPOS="756" VPOS="845" WIDTH="92" HEIGHT="30" CONTENT="Theil" WC="0.64" CC="60046"/>
						<SP ID="P23_SP00045" HPOS="848" VPOS="887" WIDTH="15"/>
						<String ID="P23_ST00055" HPOS="863" VPOS="854" WIDTH="61" HEIGHT="19" CONTENT="von" WC="0.97" CC="006"/>
						<SP ID="P23_SP00046" HPOS="924" VPOS="887" WIDTH="12"/>
						<String ID="P23_ST00056" HPOS="936" VPOS="840" WIDTH="165" HEIGHT="30" CONTENT="Künstlern" WC="1.00" CC="000206000"/>
						<SP ID="P23_SP00047" HPOS="1101" VPOS="887" WIDTH="14"/>
						<String ID="P23_ST00057" HPOS="1115" VPOS="837" WIDTH="88" HEIGHT="29" CONTENT="selbst" WC="1.00" CC="004000"/>
					</TextLine>
					<TextLine ID="P23_TL00011" HPOS="526" VPOS="875" WIDTH="676" HEIGHT="47">
						<String ID="P23_ST00058" HPOS="526" VPOS="889" WIDTH="71" HEIGHT="29" CONTENT="oder" WC="1.00" CC="0000"/>
						<SP ID="P23_SP00048" HPOS="597" VPOS="918" WIDTH="16"/>
						<String ID="P23_ST00059" HPOS="613" VPOS="888" WIDTH="250" HEIGHT="34" CONTENT="berufsmässigen" WC="1.00" CC="00000009200000"/>
						<SP ID="P23_SP00049" HPOS="863" VPOS="922" WIDTH="15"/>
						<String ID="P23_ST00060" HPOS="878" VPOS="881" WIDTH="155" HEIGHT="30" CONTENT="Kritikern" WC="1.00" CC="200007000"/>
						<SP ID="P23_SP00050" HPOS="1033" VPOS="922" WIDTH="25"/>
						<String ID="P23_ST00061" HPOS="1058" VPOS="878" WIDTH="61" HEIGHT="32" CONTENT="her," WC="0.98" CC="7004"/>
						<SP ID="P23_SP00051" HPOS="1119" VPOS="922" WIDTH="23"/>
						<String ID="P23_ST00062" HPOS="1142" VPOS="875" WIDTH="60" HEIGHT="29" CONTENT="und" WC="0.98" CC="060"/>
					</TextLine>
					<TextLine ID="P23_TL00012" HPOS="526" VPOS="914" WIDTH="677" HEIGHT="43">
						<String ID="P23_ST00063" HPOS="526" VPOS="928" WIDTH="46" HEIGHT="29" CONTENT="bei" WC="0.97" CC="700"/>
						<SP ID="P23_SP00052" HPOS="572" VPOS="957" WIDTH="22"/>
						<String ID="P23_ST00064" HPOS="594" VPOS="928" WIDTH="106" HEIGHT="29" CONTENT="beiden" WC="1.00" CC="000000"/>
						<SP ID="P23_SP00053" HPOS="700" VPOS="957" WIDTH="22"/>
						<String ID="P23_ST00065" HPOS="722" VPOS="928" WIDTH="37" HEIGHT="27" CONTENT="ist" WC="1.00" CC="000"/>
						<SP ID="P23_SP00054" HPOS="759" VPOS="957" WIDTH="25"/>
						<String ID="P23_ST00066" HPOS="784" VPOS="924" WIDTH="50" HEIGHT="29" CONTENT="der" WC="1.00" CC="000"/>
						<SP ID="P23_SP00055" HPOS="834" VPOS="957" WIDTH="22"/>
						<String ID="P23_ST00067" HPOS="856" VPOS="919" WIDTH="157" HEIGHT="33" CONTENT="Suchende" WC="1.00" CC="00100000"/>
						<SP ID="P23_SP00056" HPOS="1013" VPOS="957" WIDTH="22"/>
						<String ID="P23_ST00068" HPOS="1035" VPOS="914" WIDTH="168" HEIGHT="33" CONTENT="verrathen*" WC="0.95" CC="0000000004"/>
					</TextLine>
					<TextLine ID="P23_TL00013" HPOS="528" VPOS="956" WIDTH="675" HEIGHT="40">
						<String ID="P23_ST00069" HPOS="528" VPOS="967" WIDTH="58" HEIGHT="29" CONTENT="Die" WC="0.97" CC="600"/>
						<SP ID="P23_SP00057" HPOS="586" VPOS="996" WIDTH="22"/>
						<String ID="P23_ST00070" HPOS="608" VPOS="967" WIDTH="105" HEIGHT="29" CONTENT="Worte" WC="1.00" CC="00000"/>
						<SP ID="P23_SP00058" HPOS="713" VPOS="996" WIDTH="22"/>
						<String ID="P23_ST00071" HPOS="735" VPOS="964" WIDTH="50" HEIGHT="30" CONTENT="der" WC="1.00" CC="000"/>
						<SP ID="P23_SP00059" HPOS="785" VPOS="996" WIDTH="21"/>
						<String ID="P23_ST00072" HPOS="806" VPOS="961" WIDTH="145" HEIGHT="31" CONTENT="Künstler" WC="1.00" CC="00000600"/>
						<SP ID="P23_SP00060" HPOS="951" VPOS="996" WIDTH="25"/>
						<String ID="P23_ST00073" HPOS="976" VPOS="958" WIDTH="93" HEIGHT="30" CONTENT="fallen" WC="0.98" CC="206600"/>
						<SP ID="P23_SP00061" HPOS="1069" VPOS="996" WIDTH="22"/>
						<String ID="P23_ST00074" HPOS="1091" VPOS="956" WIDTH="61" HEIGHT="28" CONTENT="ihm" WC="0.97" CC="800"/>
						<SP ID="P23_SP00062" HPOS="1152" VPOS="996" WIDTH="21"/>
						<String ID="P23_ST00075" HPOS="1173" VPOS="964" WIDTH="30" HEIGHT="18" CONTENT="in" WC="1.00" CC="00"/>
					</TextLine>
					<TextLine ID="P23_TL00014" HPOS="527" VPOS="993" WIDTH="676" HEIGHT="42">
						<String ID="P23_ST00076" HPOS="527" VPOS="1005" WIDTH="47" HEIGHT="30" CONTENT="die" WC="1.00" CC="000"/>
						<SP ID="P23_SP00063" HPOS="574" VPOS="1035" WIDTH="22"/>
						<String ID="P23_ST00077" HPOS="596" VPOS="1006" WIDTH="84" HEIGHT="29" CONTENT="Seele" WC="0.99" CC="00060"/>
						<SP ID="P23_SP00064" HPOS="680" VPOS="1035" WIDTH="21"/>
						<String ID="P23_ST00078" HPOS="701" VPOS="1008" WIDTH="57" HEIGHT="25" CONTENT="wie" WC="0.98" CC="040"/>
						<SP ID="P23_SP00065" HPOS="758" VPOS="1035" WIDTH="22"/>
						<String ID="P23_ST00079" HPOS="780" VPOS="1003" WIDTH="110" HEIGHT="29" CONTENT="Steine*" WC="1.00" CC="0000000"/>
						<SP ID="P23_SP00066" HPOS="890" VPOS="1035" WIDTH="43"/>
						<String ID="P23_ST00080" HPOS="933" VPOS="998" WIDTH="69" HEIGHT="29" CONTENT="Und" WC="1.00" CC="000"/>
						<SP ID="P23_SP00067" HPOS="1002" VPOS="1035" WIDTH="23"/>
						<String ID="P23_ST00081" HPOS="1025" VPOS="997" WIDTH="46" HEIGHT="29" CONTENT="die" WC="1.00" CC="000"/>
						<SP ID="P23_SP00068" HPOS="1071" VPOS="1035" WIDTH="22"/>
						<String ID="P23_ST00082" HPOS="1093" VPOS="993" WIDTH="95" HEIGHT="30" CONTENT="berufs" SUBS_TYPE="HypPart1" SUBS_CONTENT="berufsmässigen" WC="0.99" CC="770002"/>
						<HYP HPOS="1188" VPOS="993" WIDTH="15" CONTENT="-"/>
					</TextLine>
					<TextLine ID="P23_TL00015" HPOS="527" VPOS="1032" WIDTH="677" HEIGHT="49">
						<String ID="P23_ST00083" HPOS="527" VPOS="1047" WIDTH="150" HEIGHT="34" CONTENT="mässigen" SUBS_TYPE="HypPart2" SUBS_CONTENT="berufsmässigen" WC="1.00" CC="00000000"/>
						<SP ID="P23_SP00069" HPOS="677" VPOS="1081" WIDTH="15"/>
						<String ID="P23_ST00084" HPOS="692" VPOS="1041" WIDTH="210" HEIGHT="31" CONTENT="Kunstrichter" WC="1.00" CC="000000040000"/>
						<SP ID="P23_SP00070" HPOS="902" VPOS="1081" WIDTH="15"/>
						<String ID="P23_ST00085" HPOS="917" VPOS="1037" WIDTH="64" HEIGHT="31" CONTENT="sind" WC="1.00" CC="0000"/>
						<SP ID="P23_SP00071" HPOS="981" VPOS="1081" WIDTH="18"/>
						<String ID="P23_ST00086" HPOS="999" VPOS="1039" WIDTH="31" HEIGHT="27" CONTENT="in" WC="1.00" CC="00"/>
						<SP ID="P23_SP00072" HPOS="1030" VPOS="1081" WIDTH="15"/>
						<String ID="P23_ST00087" HPOS="1045" VPOS="1032" WIDTH="142" HEIGHT="33" CONTENT="Wirklich" SUBS_TYPE="HypPart1" SUBS_CONTENT="Wirklichkeit" WC="0.99" CC="00058650"/>
						<HYP HPOS="1187" VPOS="1032" WIDTH="17" CONTENT="-"/>
					</TextLine>
					<TextLine ID="P23_TL00016" HPOS="526" VPOS="1074" WIDTH="678" HEIGHT="39">
						<String ID="P23_ST00088" HPOS="526" VPOS="1084" WIDTH="64" HEIGHT="29" CONTENT="keit" SUBS_TYPE="HypPart2" SUBS_CONTENT="Wirklichkeit" WC="0.99" CC="6000"/>
						<SP ID="P23_SP00073" HPOS="590" VPOS="1113" WIDTH="15"/>
						<String ID="P23_ST00089" HPOS="605" VPOS="1084" WIDTH="107" HEIGHT="29" CONTENT="ebenso" WC="0.99" CC="070000"/>
						<SP ID="P23_SP00074" HPOS="712" VPOS="1113" WIDTH="23"/>
						<String ID="P23_ST00090" HPOS="735" VPOS="1081" WIDTH="112" HEIGHT="30" CONTENT="rathlos" WC="0.99" CC="0007700"/>
						<SP ID="P23_SP00075" HPOS="847" VPOS="1113" WIDTH="21"/>
						<String ID="P23_ST00091" HPOS="868" VPOS="1082" WIDTH="57" HEIGHT="26" CONTENT="wie" WC="0.97" CC="080"/>
						<SP ID="P23_SP00076" HPOS="925" VPOS="1113" WIDTH="22"/>
						<String ID="P23_ST00092" HPOS="947" VPOS="1088" WIDTH="39" HEIGHT="22" CONTENT="er," WC="0.98" CC="004"/>
						<SP ID="P23_SP00077" HPOS="986" VPOS="1113" WIDTH="22"/>
						<String ID="P23_ST00093" HPOS="1008" VPOS="1086" WIDTH="56" HEIGHT="19" CONTENT="nur" WC="1.00" CC="000"/>
						<SP ID="P23_SP00078" HPOS="1064" VPOS="1113" WIDTH="22"/>
						<String ID="P23_ST00094" HPOS="1086" VPOS="1074" WIDTH="118" HEIGHT="28" CONTENT="müssen" WC="1.00" CC="000000"/>
					</TextLine>
					<TextLine ID="P23_TL00017" HPOS="527" VPOS="1111" WIDTH="678" HEIGHT="41">
						<String ID="P23_ST00095" HPOS="527" VPOS="1125" WIDTH="41" HEIGHT="27" CONTENT="sie" WC="1.00" CC="000"/>
						<SP ID="P23_SP00079" HPOS="568" VPOS="1152" WIDTH="22"/>
						<String ID="P23_ST00096" HPOS="590" VPOS="1134" WIDTH="62" HEIGHT="18" CONTENT="von" WC="1.00" CC="000"/>
						<SP ID="P23_SP00080" HPOS="652" VPOS="1152" WIDTH="22"/>
						<String ID="P23_ST00097" HPOS="674" VPOS="1122" WIDTH="57" HEIGHT="29" CONTENT="den" WC="1.00" CC="000"/>
						<SP ID="P23_SP00081" HPOS="731" VPOS="1152" WIDTH="21"/>
						<String ID="P23_ST00098" HPOS="752" VPOS="1121" WIDTH="104" HEIGHT="28" CONTENT="Zeilen" WC="0.98" CC="306600"/>
						<SP ID="P23_SP00082" HPOS="856" VPOS="1152" WIDTH="25"/>
						<String ID="P23_ST00099" HPOS="881" VPOS="1118" WIDTH="85" HEIGHT="29" CONTENT="leben" WC="0.98" CC="30700"/>
						<SP ID="P23_SP00083" HPOS="966" VPOS="1152" WIDTH="26"/>
						<String ID="P23_ST00100" HPOS="992" VPOS="1113" WIDTH="61" HEIGHT="31" CONTENT="und" WC="1.00" CC="000"/>
						<SP ID="P23_SP00084" HPOS="1053" VPOS="1152" WIDTH="26"/>
						<String ID="P23_ST00101" HPOS="1079" VPOS="1111" WIDTH="126" HEIGHT="30" CONTENT="machen" WC="0.98" CC="000709"/>
					</TextLine>
					<TextLine ID="P23_TL00018" HPOS="527" VPOS="1151" WIDTH="679" HEIGHT="43">
						<String ID="P23_ST00102" HPOS="527" VPOS="1173" WIDTH="55" HEIGHT="17" CONTENT="aus" WC="1.00" CC="000"/>
						<SP ID="P23_SP00085" HPOS="582" VPOS="1190" WIDTH="22"/>
						<String ID="P23_ST00103" HPOS="604" VPOS="1162" WIDTH="78" HEIGHT="28" CONTENT="ihrer" WC="1.00" CC="00000"/>
						<SP ID="P23_SP00086" HPOS="682" VPOS="1190" WIDTH="14"/>
						<String ID="P23_ST00104" HPOS="696" VPOS="1158" WIDTH="227" HEIGHT="36" CONTENT="Rathlosigkeit" WC="0.88" CC="1000700005000"/>
						<SP ID="P23_SP00087" HPOS="923" VPOS="1194" WIDTH="21"/>
						<String ID="P23_ST00105" HPOS="944" VPOS="1158" WIDTH="66" HEIGHT="27" CONTENT="eine" WC="1.00" CC="0000"/>
						<SP ID="P23_SP00088" HPOS="1010" VPOS="1194" WIDTH="15"/>
						<String ID="P23_ST00106" HPOS="1025" VPOS="1151" WIDTH="181" HEIGHT="31" CONTENT="Blasirtheit," WC="0.81" CC="260100080004"/>
					</TextLine>
					<TextLine ID="P23_TL00019" HPOS="527" VPOS="1193" WIDTH="679" HEIGHT="40">
						<String ID="P23_ST00107" HPOS="527" VPOS="1203" WIDTH="31" HEIGHT="26" CONTENT="in" WC="1.00" CC="00"/>
						<SP ID="P23_SP00089" HPOS="558" VPOS="1229" WIDTH="15"/>
						<String ID="P23_ST00108" HPOS="573" VPOS="1200" WIDTH="51" HEIGHT="29" CONTENT="der" WC="1.00" CC="000"/>
						<SP ID="P23_SP00090" HPOS="624" VPOS="1229" WIDTH="14"/>
						<String ID="P23_ST00109" HPOS="638" VPOS="1202" WIDTH="42" HEIGHT="27" CONTENT="sie" WC="1.00" CC="000"/>
						<SP ID="P23_SP00091" HPOS="680" VPOS="1229" WIDTH="15"/>
						<String ID="P23_ST00110" HPOS="695" VPOS="1199" WIDTH="47" HEIGHT="29" CONTENT="die" WC="1.00" CC="000"/>
						<SP ID="P23_SP00092" HPOS="742" VPOS="1229" WIDTH="19"/>
						<String ID="P23_ST00111" HPOS="761" VPOS="1198" WIDTH="125" HEIGHT="35" CONTENT="nöthige" WC="0.90" CC="0600000"/>
						<SP ID="P23_SP00093" HPOS="886" VPOS="1233" WIDTH="15"/>
						<String ID="P23_ST00112" HPOS="901" VPOS="1193" WIDTH="221" HEIGHT="32" CONTENT="Nonchalance" WC="1.00" CC="40010060010"/>
						<SP ID="P23_SP00094" HPOS="1122" VPOS="1233" WIDTH="15"/>
						<String ID="P23_ST00113" HPOS="1137" VPOS="1199" WIDTH="69" HEIGHT="20" CONTENT="zum" WC="1.00" CC="000"/>
					</TextLine>
					<TextLine ID="P23_TL00020" HPOS="529" VPOS="1232" WIDTH="677" HEIGHT="36">
						<String ID="P23_ST00114" HPOS="529" VPOS="1239" WIDTH="161" HEIGHT="29" CONTENT="Ablehnen" WC="0.99" CC="37500000"/>
						<SP ID="P23_SP00095" HPOS="690" VPOS="1268" WIDTH="26"/>
						<String ID="P23_ST00115" HPOS="716" VPOS="1237" WIDTH="62" HEIGHT="30" CONTENT="und" WC="1.00" CC="000"/>
						<SP ID="P23_SP00096" HPOS="778" VPOS="1268" WIDTH="27"/>
						<String ID="P23_ST00116" HPOS="805" VPOS="1235" WIDTH="208" HEIGHT="30" CONTENT="Geltenlassen" WC="1.00" CC="005000500000"/>
						<SP ID="P23_SP00097" HPOS="1013" VPOS="1268" WIDTH="26"/>
						<String ID="P23_ST00117" HPOS="1039" VPOS="1232" WIDTH="167" HEIGHT="36" CONTENT="gewinnen*" WC="1.00" CC="000000000"/>
					</TextLine>
					<TextLine ID="P23_TL00021" HPOS="587" VPOS="1267" WIDTH="619" HEIGHT="40">
						<String ID="P23_ST00118" HPOS="587" VPOS="1279" WIDTH="94" HEIGHT="28" CONTENT="Echte" WC="1.00" CC="00000"/>
						<SP ID="P23_SP00098" HPOS="681" VPOS="1307" WIDTH="22"/>
						<String ID="P23_ST00119" HPOS="703" VPOS="1275" WIDTH="169" HEIGHT="31" CONTENT="Sehnsucht" WC="1.00" CC="000000000"/>
						<SP ID="P23_SP00099" HPOS="872" VPOS="1307" WIDTH="19"/>
						<String ID="P23_ST00120" HPOS="891" VPOS="1284" WIDTH="51" HEIGHT="19" CONTENT="zur" WC="1.00" CC="000"/>
						<SP ID="P23_SP00100" HPOS="942" VPOS="1307" WIDTH="15"/>
						<String ID="P23_ST00121" HPOS="957" VPOS="1273" WIDTH="102" HEIGHT="28" CONTENT="Kunst" WC="1.00" CC="00000"/>
						<SP ID="P23_SP00101" HPOS="1059" VPOS="1307" WIDTH="20"/>
						<String ID="P23_ST00122" HPOS="1079" VPOS="1267" WIDTH="74" HEIGHT="31" CONTENT="wird" WC="1.00" CC="0000"/>
						<SP ID="P23_SP00102" HPOS="1153" VPOS="1307" WIDTH="21"/>
						<String ID="P23_ST00123" HPOS="1174" VPOS="1277" WIDTH="32" HEIGHT="18" CONTENT="so" WC="0.81" CC="30"/>
					</TextLine>
					<TextLine ID="P23_TL00022" HPOS="530" VPOS="1306" WIDTH="677" HEIGHT="41">
						<String ID="P23_ST00124" HPOS="530" VPOS="1317" WIDTH="150" HEIGHT="30" CONTENT="missleitet" WC="0.99" CC="0010650060"/>
						<SP ID="P23_SP00103" HPOS="680" VPOS="1347" WIDTH="29"/>
						<String ID="P23_ST00125" HPOS="709" VPOS="1326" WIDTH="52" HEIGHT="20" CONTENT="zur" WC="1.00" CC="000"/>
						<SP ID="P23_SP00104" HPOS="761" VPOS="1347" WIDTH="31"/>
						<String ID="P23_ST00126" HPOS="792" VPOS="1313" WIDTH="184" HEIGHT="30" CONTENT="Blasirtheit*" WC="0.92" CC="030000006000"/>
						<SP ID="P23_SP00105" HPOS="976" VPOS="1347" WIDTH="51"/>
						<String ID="P23_ST00127" HPOS="1027" VPOS="1308" WIDTH="69" HEIGHT="31" CONTENT="Und" WC="1.00" CC="100"/>
						<SP ID="P23_SP00106" HPOS="1096" VPOS="1347" WIDTH="32"/>
						<String ID="P23_ST00128" HPOS="1128" VPOS="1306" WIDTH="79" HEIGHT="30" CONTENT="diese" WC="1.00" CC="00000"/>
					</TextLine>
					<TextLine ID="P23_TL00023" HPOS="530" VPOS="1347" WIDTH="676" HEIGHT="39">
						<String ID="P23_ST00129" HPOS="530" VPOS="1356" WIDTH="174" HEIGHT="30" CONTENT="Blasirtheit" WC="0.88" CC="04008000000"/>
						<SP ID="P23_SP00107" HPOS="704" VPOS="1386" WIDTH="22"/>
						<String ID="P23_ST00130" HPOS="726" VPOS="1354" WIDTH="94" HEIGHT="30" CONTENT="dehnt" WC="1.00" CC="00000"/>
						<SP ID="P23_SP00108" HPOS="820" VPOS="1386" WIDTH="20"/>
						<String ID="P23_ST00131" HPOS="840" VPOS="1352" WIDTH="61" HEIGHT="30" CONTENT="sich" WC="1.00" CC="0020"/>
						<SP ID="P23_SP00109" HPOS="901" VPOS="1386" WIDTH="22"/>
						<String ID="P23_ST00132" HPOS="923" VPOS="1349" WIDTH="134" HEIGHT="36" CONTENT="allmälig" WC="0.73" CC="06700700"/>
						<SP ID="P23_SP00110" HPOS="1057" VPOS="1386" WIDTH="22"/>
						<String ID="P23_ST00133" HPOS="1079" VPOS="1349" WIDTH="55" HEIGHT="26" CONTENT="wie" WC="1.00" CC="000"/>
						<SP ID="P23_SP00111" HPOS="1134" VPOS="1386" WIDTH="26"/>
						<String ID="P23_ST00134" HPOS="1160" VPOS="1347" WIDTH="46" HEIGHT="27" CONTENT="ein" WC="1.00" CC="000"/>
					</TextLine>
					<TextLine ID="P23_TL00024" HPOS="530" VPOS="1383" WIDTH="676" HEIGHT="42">
						<String ID="P23_ST00135" HPOS="530" VPOS="1401" WIDTH="101" HEIGHT="24" CONTENT="weites" WC="1.00" CC="000000"/>
						<SP ID="P23_SP00112" HPOS="631" VPOS="1425" WIDTH="16"/>
						<String ID="P23_ST00136" HPOS="647" VPOS="1395" WIDTH="90" HEIGHT="29" CONTENT="Gras-" WC="0.99" CC="00004"/>
						<SP ID="P23_SP00113" HPOS="737" VPOS="1425" WIDTH="22"/>
						<String ID="P23_ST00137" HPOS="759" VPOS="1392" WIDTH="62" HEIGHT="30" CONTENT="und" WC="1.00" CC="000"/>
						<SP ID="P23_SP00114" HPOS="821" VPOS="1425" WIDTH="23"/>
						<String ID="P23_ST00138" HPOS="844" VPOS="1389" WIDTH="132" HEIGHT="31" CONTENT="Heufeld" WC="0.99" CC="4000060"/>
						<SP ID="P23_SP00115" HPOS="976" VPOS="1425" WIDTH="21"/>
						<String ID="P23_ST00139" HPOS="997" VPOS="1386" WIDTH="79" HEIGHT="31" CONTENT="rund" WC="0.98" CC="0009"/>
						<SP ID="P23_SP00116" HPOS="1076" VPOS="1425" WIDTH="19"/>
						<String ID="P23_ST00140" HPOS="1095" VPOS="1396" WIDTH="51" HEIGHT="18" CONTENT="um" WC="1.00" CC="00"/>
						<SP ID="P23_SP00117" HPOS="1146" VPOS="1425" WIDTH="15"/>
						<String ID="P23_ST00141" HPOS="1161" VPOS="1383" WIDTH="45" HEIGHT="29" CONTENT="die" WC="1.00" CC="000"/>
					</TextLine>
					<TextLine ID="P23_TL00025" HPOS="530" VPOS="1423" WIDTH="676" HEIGHT="41">
						<String ID="P23_ST00142" HPOS="530" VPOS="1435" WIDTH="114" HEIGHT="29" CONTENT="Gärten" WC="1.00" CC="000000"/>
						<SP ID="P23_SP00118" HPOS="644" VPOS="1464" WIDTH="39"/>
						<String ID="P23_ST00143" HPOS="683" VPOS="1433" WIDTH="50" HEIGHT="29" CONTENT="der" WC="1.00" CC="000"/>
						<SP ID="P23_SP00119" HPOS="733" VPOS="1464" WIDTH="35"/>
						<String ID="P23_ST00144" HPOS="768" VPOS="1432" WIDTH="113" HEIGHT="29" CONTENT="Kunst*" WC="1.00" CC="000000"/>
						<SP ID="P23_SP00120" HPOS="881" VPOS="1464" WIDTH="54"/>
						<String ID="P23_ST00145" HPOS="935" VPOS="1427" WIDTH="96" HEIGHT="31" CONTENT="Nicht" WC="0.99" CC="70000"/>
						<SP ID="P23_SP00121" HPOS="1031" VPOS="1464" WIDTH="34"/>
						<String ID="P23_ST00146" HPOS="1065" VPOS="1423" WIDTH="141" HEIGHT="31" CONTENT="mancher" WC="1.00" CC="0000060"/>
					</TextLine>
					<TextLine ID="P23_TL00026" HPOS="530" VPOS="1461" WIDTH="677" HEIGHT="41">
						<String ID="P23_ST00147" HPOS="530" VPOS="1474" WIDTH="119" HEIGHT="28" CONTENT="kommt" WC="0.99" CC="61000"/>
						<SP ID="P23_SP00122" HPOS="649" VPOS="1502" WIDTH="25"/>
						<String ID="P23_ST00148" HPOS="674" VPOS="1472" WIDTH="79" HEIGHT="29" CONTENT="noch" WC="1.00" CC="0000"/>
						<SP ID="P23_SP00123" HPOS="753" VPOS="1502" WIDTH="21"/>
						<String ID="P23_ST00149" HPOS="774" VPOS="1481" WIDTH="37" HEIGHT="20" CONTENT="zu" WC="1.00" CC="00"/>
						<SP ID="P23_SP00124" HPOS="811" VPOS="1502" WIDTH="22"/>
						<String ID="P23_ST00150" HPOS="833" VPOS="1470" WIDTH="84" HEIGHT="29" CONTENT="ihren" WC="0.99" CC="00060"/>
						<SP ID="P23_SP00125" HPOS="917" VPOS="1502" WIDTH="23"/>
						<String ID="P23_ST00151" HPOS="940" VPOS="1468" WIDTH="188" HEIGHT="34" CONTENT="Eingängen*" WC="1.00" CC="0000000000"/>
						<SP ID="P23_SP00126" HPOS="1128" VPOS="1502" WIDTH="41"/>
						<String ID="P23_ST00152" HPOS="1169" VPOS="1461" WIDTH="38" HEIGHT="28" CONTENT="Er" WC="1.00" CC="00"/>
					</TextLine>
					<TextLine ID="P23_TL00027" HPOS="530" VPOS="1502" WIDTH="676" HEIGHT="42">
						<String ID="P23_ST00153" HPOS="530" VPOS="1512" WIDTH="76" HEIGHT="29" CONTENT="sieht" WC="1.00" CC="00000"/>
						<SP ID="P23_SP00127" HPOS="606" VPOS="1541" WIDTH="21"/>
						<String ID="P23_ST00154" HPOS="627" VPOS="1511" WIDTH="53" HEIGHT="30" CONTENT="das" WC="1.00" CC="000"/>
						<SP ID="P23_SP00128" HPOS="680" VPOS="1541" WIDTH="14"/>
						<String ID="P23_ST00155" HPOS="694" VPOS="1510" WIDTH="134" HEIGHT="30" CONTENT="Lächeln" WC="1.00" CC="0000040"/>
						<SP ID="P23_SP00129" HPOS="828" VPOS="1541" WIDTH="22"/>
						<String ID="P23_ST00156" HPOS="850" VPOS="1511" WIDTH="81" HEIGHT="33" CONTENT="rings" WC="1.00" CC="00002"/>
						<SP ID="P23_SP00130" HPOS="931" VPOS="1544" WIDTH="22"/>
						<String ID="P23_ST00157" HPOS="953" VPOS="1505" WIDTH="52" HEIGHT="30" CONTENT="auf" WC="1.00" CC="000"/>
						<SP ID="P23_SP00131" HPOS="1005" VPOS="1544" WIDTH="22"/>
						<String ID="P23_ST00158" HPOS="1027" VPOS="1503" WIDTH="56" HEIGHT="29" CONTENT="den" WC="1.00" CC="000"/>
						<SP ID="P23_SP00132" HPOS="1083" VPOS="1544" WIDTH="22"/>
						<String ID="P23_ST00159" HPOS="1105" VPOS="1502" WIDTH="87" HEIGHT="34" CONTENT="spötti" SUBS_TYPE="HypPart1" SUBS_CONTENT="spöttischen" WC="0.99" CC="426000"/>
						<HYP HPOS="1192" VPOS="1502" WIDTH="14" CONTENT="-"/>
					</TextLine>
					<TextLine ID="P23_TL00028" HPOS="530" VPOS="1539" WIDTH="677" HEIGHT="46">
						<String ID="P23_ST00160" HPOS="530" VPOS="1551" WIDTH="89" HEIGHT="30" CONTENT="schen" SUBS_TYPE="HypPart2" SUBS_CONTENT="spöttischen" WC="1.00" CC="03000"/>
						<SP ID="P23_SP00133" HPOS="619" VPOS="1581" WIDTH="22"/>
						<String ID="P23_ST00161" HPOS="641" VPOS="1551" WIDTH="128" HEIGHT="34" CONTENT="Lippen," WC="1.00" CC="0000004"/>
						<SP ID="P23_SP00134" HPOS="769" VPOS="1585" WIDTH="21"/>
						<String ID="P23_ST00162" HPOS="790" VPOS="1547" WIDTH="108" HEIGHT="30" CONTENT="lächelt" WC="0.99" CC="6020070"/>
						<SP ID="P23_SP00135" HPOS="898" VPOS="1585" WIDTH="22"/>
						<String ID="P23_ST00163" HPOS="920" VPOS="1544" WIDTH="78" HEIGHT="30" CONTENT="auch" WC="1.00" CC="0000"/>
						<SP ID="P23_SP00136" HPOS="998" VPOS="1585" WIDTH="22"/>
						<String ID="P23_ST00164" HPOS="1020" VPOS="1541" WIDTH="60" HEIGHT="30" CONTENT="und" WC="1.00" CC="000"/>
						<SP ID="P23_SP00137" HPOS="1080" VPOS="1585" WIDTH="23"/>
						<String ID="P23_ST00165" HPOS="1103" VPOS="1545" WIDTH="36" HEIGHT="24" CONTENT="ist" WC="1.00" CC="000"/>
						<SP ID="P23_SP00138" HPOS="1139" VPOS="1585" WIDTH="21"/>
						<String ID="P23_ST00166" HPOS="1160" VPOS="1539" WIDTH="47" HEIGHT="28" CONTENT="für" WC="0.98" CC="400"/>
					</TextLine>
					<TextLine ID="P23_TL00029" HPOS="530" VPOS="1588" WIDTH="338" HEIGHT="31">
						<String ID="P23_ST00167" HPOS="530" VPOS="1590" WIDTH="46" HEIGHT="29" CONTENT="die" WC="0.95" CC="076"/>
						<SP ID="P23_SP00139" HPOS="576" VPOS="1619" WIDTH="22"/>
						<String ID="P23_ST00168" HPOS="598" VPOS="1590" WIDTH="102" HEIGHT="28" CONTENT="Kunst" WC="1.00" CC="00000"/>
						<SP ID="P23_SP00140" HPOS="700" VPOS="1619" WIDTH="21"/>
						<String ID="P23_ST00169" HPOS="721" VPOS="1588" WIDTH="147" HEIGHT="29" CONTENT="verloren*" WC="1.00" CC="000000000"/>
					</TextLine>
					<TextLine ID="P23_TL00030" HPOS="589" VPOS="1618" WIDTH="618" HEIGHT="39">
						<String ID="P23_ST00170" HPOS="589" VPOS="1629" WIDTH="38" HEIGHT="28" CONTENT="Es" WC="1.00" CC="00"/>
						<SP ID="P23_SP00141" HPOS="627" VPOS="1657" WIDTH="21"/>
						<String ID="P23_ST00171" HPOS="648" VPOS="1631" WIDTH="37" HEIGHT="26" CONTENT="ist" WC="1.00" CC="000"/>
						<SP ID="P23_SP00142" HPOS="685" VPOS="1657" WIDTH="22"/>
						<String ID="P23_ST00172" HPOS="707" VPOS="1630" WIDTH="48" HEIGHT="26" CONTENT="ein" WC="1.00" CC="000"/>
						<SP ID="P23_SP00143" HPOS="755" VPOS="1657" WIDTH="19"/>
						<String ID="P23_ST00173" HPOS="774" VPOS="1624" WIDTH="163" HEIGHT="31" CONTENT="schlechtes" WC="1.00" CC="0006000000"/>
						<SP ID="P23_SP00144" HPOS="937" VPOS="1657" WIDTH="15"/>
						<String ID="P23_ST00174" HPOS="952" VPOS="1620" WIDTH="141" HEIGHT="32" CONTENT="Zeichen," WC="1.00" CC="00010004"/>
						<SP ID="P23_SP00145" HPOS="1093" VPOS="1657" WIDTH="22"/>
						<String ID="P23_ST00175" HPOS="1115" VPOS="1618" WIDTH="92" HEIGHT="28" CONTENT="dieses" WC="1.00" CC="040100"/>
					</TextLine>
					<TextLine ID="P23_TL00031" HPOS="530" VPOS="1656" WIDTH="676" HEIGHT="48">
						<String ID="P23_ST00176" HPOS="530" VPOS="1670" WIDTH="96" HEIGHT="34" CONTENT="ewige" WC="0.99" CC="80000"/>
						<SP ID="P23_SP00146" HPOS="626" VPOS="1704" WIDTH="35"/>
						<String ID="P23_ST00177" HPOS="661" VPOS="1666" WIDTH="136" HEIGHT="30" CONTENT="Schielen" WC="1.00" CC="00040100"/>
						<SP ID="P23_SP00147" HPOS="797" VPOS="1704" WIDTH="34"/>
						<String ID="P23_ST00178" HPOS="831" VPOS="1663" WIDTH="79" HEIGHT="30" CONTENT="nach" WC="1.00" CC="0000"/>
						<SP ID="P23_SP00148" HPOS="910" VPOS="1704" WIDTH="35"/>
						<String ID="P23_ST00179" HPOS="945" VPOS="1660" WIDTH="143" HEIGHT="30" CONTENT="anderen," WC="0.99" CC="00070704"/>
						<SP ID="P23_SP00149" HPOS="1088" VPOS="1704" WIDTH="40"/>
						<String ID="P23_ST00180" HPOS="1128" VPOS="1656" WIDTH="78" HEIGHT="28" CONTENT="diese" WC="0.98" CC="04700"/>
					</TextLine>
					<TextLine ID="P23_TL00032" HPOS="530" VPOS="1695" WIDTH="676" HEIGHT="44">
						<String ID="P23_ST00181" HPOS="530" VPOS="1707" WIDTH="121" HEIGHT="32" CONTENT="Furcht," WC="1.00" CC="0000004"/>
						<SP ID="P23_SP00150" HPOS="651" VPOS="1739" WIDTH="23"/>
						<String ID="P23_ST00182" HPOS="674" VPOS="1705" WIDTH="62" HEIGHT="29" CONTENT="sich" WC="1.00" CC="0000"/>
						<SP ID="P23_SP00151" HPOS="736" VPOS="1739" WIDTH="22"/>
						<String ID="P23_ST00183" HPOS="758" VPOS="1715" WIDTH="36" HEIGHT="19" CONTENT="zu" WC="1.00" CC="00"/>
						<SP ID="P23_SP00152" HPOS="794" VPOS="1739" WIDTH="23"/>
						<String ID="P23_ST00184" HPOS="817" VPOS="1703" WIDTH="153" HEIGHT="28" CONTENT="blamiren*" WC="0.77" CC="770000500"/>
						<SP ID="P23_SP00153" HPOS="970" VPOS="1739" WIDTH="43"/>
						<String ID="P23_ST00185" HPOS="1013" VPOS="1698" WIDTH="55" HEIGHT="28" CONTENT="Die" WC="0.95" CC="607"/>
						<SP ID="P23_SP00154" HPOS="1068" VPOS="1739" WIDTH="26"/>
						<String ID="P23_ST00186" HPOS="1094" VPOS="1695" WIDTH="96" HEIGHT="28" CONTENT="furcht" SUBS_TYPE="HypPart1" SUBS_CONTENT="furchtbar" WC="0.99" CC="000500"/>
						<HYP HPOS="1190" VPOS="1695" WIDTH="16" CONTENT="-"/>
					</TextLine>
					<TextLine ID="P23_TL00033" HPOS="530" VPOS="1733" WIDTH="676" HEIGHT="47">
						<String ID="P23_ST00187" HPOS="530" VPOS="1745" WIDTH="53" HEIGHT="29" CONTENT="bar" SUBS_TYPE="HypPart2" SUBS_CONTENT="furchtbar" WC="0.97" CC="700"/>
						<SP ID="P23_SP00155" HPOS="583" VPOS="1774" WIDTH="22"/>
						<String ID="P23_ST00188" HPOS="605" VPOS="1744" WIDTH="198" HEIGHT="36" CONTENT="überlegenen" WC="0.99" CC="00607606060"/>
						<SP ID="P23_SP00156" HPOS="803" VPOS="1780" WIDTH="22"/>
						<String ID="P23_ST00189" HPOS="825" VPOS="1740" WIDTH="154" HEIGHT="30" CONTENT="Gesichter" WC="1.00" CC="000007000"/>
						<SP ID="P23_SP00157" HPOS="979" VPOS="1780" WIDTH="18"/>
						<String ID="P23_ST00190" HPOS="997" VPOS="1740" WIDTH="30" HEIGHT="25" CONTENT="in" WC="0.78" CC="40"/>
						<SP ID="P23_SP00158" HPOS="1027" VPOS="1780" WIDTH="22"/>
						<String ID="P23_ST00191" HPOS="1049" VPOS="1733" WIDTH="138" HEIGHT="31" CONTENT="Gemälde" SUBS_TYPE="HypPart1" SUBS_CONTENT="Gemäldesalons" WC="0.99" CC="0000706"/>
						<HYP HPOS="1187" VPOS="1733" WIDTH="19" CONTENT="-"/>
					</TextLine>
					<TextLine ID="P23_TL00034" HPOS="530" VPOS="1772" WIDTH="676" HEIGHT="41">
						<String ID="P23_ST00192" HPOS="530" VPOS="1784" WIDTH="99" HEIGHT="29" CONTENT="salons" SUBS_TYPE="HypPart2" SUBS_CONTENT="Gemäldesalons" WC="0.99" CC="006000"/>
						<SP ID="P23_SP00159" HPOS="629" VPOS="1813" WIDTH="23"/>
						<String ID="P23_ST00193" HPOS="652" VPOS="1783" WIDTH="60" HEIGHT="29" CONTENT="und" WC="1.00" CC="000"/>
						<SP ID="P23_SP00160" HPOS="712" VPOS="1813" WIDTH="17"/>
						<String ID="P23_ST00194" HPOS="729" VPOS="1779" WIDTH="222" HEIGHT="32" CONTENT="Concertsälen," WC="0.87" CC="5000000006004"/>
						<SP ID="P23_SP00161" HPOS="951" VPOS="1813" WIDTH="22"/>
						<String ID="P23_ST00195" HPOS="973" VPOS="1775" WIDTH="67" HEIGHT="30" CONTENT="weil" WC="0.99" CC="0006"/>
						<SP ID="P23_SP00162" HPOS="1040" VPOS="1813" WIDTH="21"/>
						<String ID="P23_ST00196" HPOS="1061" VPOS="1773" WIDTH="78" HEIGHT="36" CONTENT="jeder" WC="0.99" CC="60000"/>
						<SP ID="P23_SP00163" HPOS="1139" VPOS="1813" WIDTH="20"/>
						<String ID="P23_ST00197" HPOS="1159" VPOS="1772" WIDTH="47" HEIGHT="29" CONTENT="bei" WC="0.97" CC="700"/>
					</TextLine>
					<TextLine ID="P23_TL00035" HPOS="530" VPOS="1811" WIDTH="676" HEIGHT="42">
						<String ID="P23_ST00198" HPOS="530" VPOS="1824" WIDTH="120" HEIGHT="28" CONTENT="keinem" WC="0.99" CC="060000"/>
						<SP ID="P23_SP00164" HPOS="650" VPOS="1852" WIDTH="27"/>
						<String ID="P23_ST00199" HPOS="677" VPOS="1822" WIDTH="86" HEIGHT="28" CONTENT="Wort" WC="1.00" CC="0000"/>
						<SP ID="P23_SP00165" HPOS="763" VPOS="1852" WIDTH="27"/>
						<String ID="P23_ST00200" HPOS="790" VPOS="1820" WIDTH="51" HEIGHT="28" CONTENT="der" WC="1.00" CC="000"/>
						<SP ID="P23_SP00166" HPOS="841" VPOS="1852" WIDTH="27"/>
						<String ID="P23_ST00201" HPOS="868" VPOS="1818" WIDTH="214" HEIGHT="35" CONTENT="Begeisterung" WC="1.00" CC="000000009000"/>
						<SP ID="P23_SP00167" HPOS="1082" VPOS="1853" WIDTH="30"/>
						<String ID="P23_ST00202" HPOS="1112" VPOS="1811" WIDTH="94" HEIGHT="30" CONTENT="sicher" WC="0.99" CC="000060"/>
					</TextLine>
					<TextLine ID="P23_TL00036" HPOS="530" VPOS="1850" WIDTH="676" HEIGHT="44">
						<String ID="P23_ST00203" HPOS="530" VPOS="1864" WIDTH="46" HEIGHT="30" CONTENT="ist," WC="0.99" CC="0004"/>
						<SP ID="P23_SP00168" HPOS="576" VPOS="1894" WIDTH="22"/>
						<String ID="P23_ST00204" HPOS="598" VPOS="1861" WIDTH="37" HEIGHT="28" CONTENT="ob" WC="0.63" CC="07"/>
						<SP ID="P23_SP00169" HPOS="635" VPOS="1894" WIDTH="22"/>
						<String ID="P23_ST00205" HPOS="657" VPOS="1872" WIDTH="30" HEIGHT="17" CONTENT="er" WC="1.00" CC="00"/>
						<SP ID="P23_SP00170" HPOS="687" VPOS="1894" WIDTH="21"/>
						<String ID="P23_ST00206" HPOS="708" VPOS="1859" WIDTH="83" HEIGHT="30" CONTENT="nicht" WC="1.00" CC="00300"/>
						<SP ID="P23_SP00171" HPOS="791" VPOS="1894" WIDTH="21"/>
						<String ID="P23_ST00207" HPOS="812" VPOS="1869" WIDTH="39" HEIGHT="18" CONTENT="an" WC="1.00" CC="00"/>
						<SP ID="P23_SP00172" HPOS="851" VPOS="1894" WIDTH="16"/>
						<String ID="P23_ST00208" HPOS="867" VPOS="1855" WIDTH="138" HEIGHT="31" CONTENT="Falsches" WC="0.99" CC="00703062"/>
						<SP ID="P23_SP00173" HPOS="1005" VPOS="1894" WIDTH="16"/>
						<String ID="P23_ST00209" HPOS="1021" VPOS="1851" WIDTH="105" HEIGHT="38" CONTENT="geräth" WC="1.00" CC="000000"/>
						<SP ID="P23_SP00174" HPOS="1126" VPOS="1894" WIDTH="20"/>
						<String ID="P23_ST00210" HPOS="1146" VPOS="1850" WIDTH="60" HEIGHT="30" CONTENT="und" WC="1.00" CC="000"/>
					</TextLine>
					<TextLine ID="P23_TL00037" HPOS="530" VPOS="1889" WIDTH="678" HEIGHT="42">
						<String ID="P23_ST00211" HPOS="530" VPOS="1899" WIDTH="64" HEIGHT="29" CONTENT="sich" WC="1.00" CC="0000"/>
						<SP ID="P23_SP00175" HPOS="594" VPOS="1928" WIDTH="20"/>
						<String ID="P23_ST00212" HPOS="614" VPOS="1900" WIDTH="130" HEIGHT="27" CONTENT="blamirt*" WC="0.82" CC="76000000"/>
						<SP ID="P23_SP00176" HPOS="744" VPOS="1928" WIDTH="42"/>
						<String ID="P23_ST00213" HPOS="786" VPOS="1898" WIDTH="38" HEIGHT="27" CONTENT="Es" WC="0.77" CC="04"/>
						<SP ID="P23_SP00177" HPOS="824" VPOS="1928" WIDTH="25"/>
						<String ID="P23_ST00214" HPOS="849" VPOS="1906" WIDTH="106" HEIGHT="25" CONTENT="zeigen" WC="1.00" CC="000000"/>
						<SP ID="P23_SP00178" HPOS="955" VPOS="1931" WIDTH="25"/>
						<String ID="P23_ST00215" HPOS="980" VPOS="1892" WIDTH="63" HEIGHT="30" CONTENT="sich" WC="0.99" CC="0030"/>
						<SP ID="P23_SP00179" HPOS="1043" VPOS="1931" WIDTH="27"/>
						<String ID="P23_ST00216" HPOS="1070" VPOS="1890" WIDTH="78" HEIGHT="29" CONTENT="auch" WC="0.99" CC="0030"/>
						<SP ID="P23_SP00180" HPOS="1148" VPOS="1931" WIDTH="22"/>
						<String ID="P23_ST00217" HPOS="1170" VPOS="1889" WIDTH="38" HEIGHT="30" CONTENT="da" WC="1.00" CC="00"/>
					</TextLine>
					<TextLine ID="P23_TL00038" HPOS="531" VPOS="1929" WIDTH="675" HEIGHT="41">
						<String ID="P23_ST00218" HPOS="531" VPOS="1938" WIDTH="47" HEIGHT="28" CONTENT="die" WC="0.98" CC="006"/>
						<SP ID="P23_SP00181" HPOS="578" VPOS="1966" WIDTH="32"/>
						<String ID="P23_ST00219" HPOS="610" VPOS="1936" WIDTH="224" HEIGHT="30" CONTENT="verderblichen" WC="1.00" CC="0000007740000"/>
						<SP ID="P23_SP00182" HPOS="834" VPOS="1966" WIDTH="28"/>
						<String ID="P23_ST00220" HPOS="862" VPOS="1934" WIDTH="115" HEIGHT="36" CONTENT="Folgen" WC="1.00" CC="013000"/>
						<SP ID="P23_SP00183" HPOS="977" VPOS="1970" WIDTH="31"/>
						<String ID="P23_ST00221" HPOS="1008" VPOS="1941" WIDTH="118" HEIGHT="19" CONTENT="unserer" WC="0.99" CC="0000079"/>
						<SP ID="P23_SP00184" HPOS="1126" VPOS="1970" WIDTH="29"/>
						<String ID="P23_ST00222" HPOS="1155" VPOS="1929" WIDTH="34" HEIGHT="29" CONTENT="Er" SUBS_TYPE="HypPart1" SUBS_CONTENT="Erziehung," WC="0.98" CC="00"/>
						<HYP HPOS="1189" VPOS="1929" WIDTH="17" CONTENT="-"/>
					</TextLine>
					<TextLine ID="P23_TL00039" HPOS="530" VPOS="1968" WIDTH="677" HEIGHT="44">
						<String ID="P23_ST00223" HPOS="530" VPOS="1976" WIDTH="142" HEIGHT="36" CONTENT="ziehung," SUBS_TYPE="HypPart2" SUBS_CONTENT="Erziehung," WC="1.00" CC="00000000"/>
						<SP ID="P23_SP00185" HPOS="672" VPOS="2012" WIDTH="16"/>
						<String ID="P23_ST00224" HPOS="688" VPOS="1975" WIDTH="46" HEIGHT="29" CONTENT="die" WC="1.00" CC="000"/>
						<SP ID="P23_SP00186" HPOS="734" VPOS="2012" WIDTH="15"/>
						<String ID="P23_ST00225" HPOS="749" VPOS="1977" WIDTH="54" HEIGHT="26" CONTENT="mit" WC="0.98" CC="040"/>
						<SP ID="P23_SP00187" HPOS="803" VPOS="2012" WIDTH="15"/>
						<String ID="P23_ST00226" HPOS="818" VPOS="1974" WIDTH="199" HEIGHT="36" CONTENT="allgemeinen" WC="1.00" CC="05600000000"/>
						<SP ID="P23_SP00188" HPOS="1017" VPOS="2012" WIDTH="12"/>
						<String ID="P23_ST00227" HPOS="1029" VPOS="1969" WIDTH="101" HEIGHT="30" CONTENT="Zielen" WC="0.99" CC="000600"/>
						<SP ID="P23_SP00189" HPOS="1130" VPOS="2012" WIDTH="16"/>
						<String ID="P23_ST00228" HPOS="1146" VPOS="1968" WIDTH="61" HEIGHT="29" CONTENT="und" WC="1.00" CC="000"/>
					</TextLine>
					<TextLine ID="P23_TL00040" HPOS="530" VPOS="2008" WIDTH="678" HEIGHT="37">
						<String ID="P23_ST00229" HPOS="530" VPOS="2014" WIDTH="120" HEIGHT="31" CONTENT="Idealen" WC="1.00" CC="0000700"/>
						<SP ID="P23_SP00190" HPOS="650" VPOS="2045" WIDTH="15"/>
						<String ID="P23_ST00230" HPOS="665" VPOS="2014" WIDTH="114" HEIGHT="29" CONTENT="hantirt" WC="1.00" CC="0000000"/>
						<SP ID="P23_SP00191" HPOS="779" VPOS="2045" WIDTH="15"/>
						<String ID="P23_ST00231" HPOS="794" VPOS="2012" WIDTH="61" HEIGHT="29" CONTENT="und" WC="1.00" CC="000"/>
						<SP ID="P23_SP00192" HPOS="855" VPOS="2045" WIDTH="19"/>
						<String ID="P23_ST00232" HPOS="874" VPOS="2011" WIDTH="48" HEIGHT="29" CONTENT="die" WC="1.00" CC="000"/>
						<SP ID="P23_SP00193" HPOS="922" VPOS="2045" WIDTH="14"/>
						<String ID="P23_ST00233" HPOS="936" VPOS="2009" WIDTH="167" HEIGHT="30" CONTENT="Menschen" WC="1.00" CC="00004000"/>
						<SP ID="P23_SP00194" HPOS="1103" VPOS="2045" WIDTH="22"/>
						<String ID="P23_ST00234" HPOS="1125" VPOS="2008" WIDTH="83" HEIGHT="29" CONTENT="nicht" WC="0.99" CC="40000"/>
					</TextLine>
					<TextLine ID="P23_TL00041" HPOS="531" VPOS="2049" WIDTH="677" HEIGHT="42">
						<String ID="P23_ST00235" HPOS="531" VPOS="2055" WIDTH="52" HEIGHT="31" CONTENT="auf" WC="1.00" CC="000"/>
						<SP ID="P23_SP00195" HPOS="583" VPOS="2086" WIDTH="27"/>
						<String ID="P23_ST00236" HPOS="610" VPOS="2053" WIDTH="62" HEIGHT="31" CONTENT="sich" WC="1.00" CC="0000"/>
						<SP ID="P23_SP00196" HPOS="672" VPOS="2086" WIDTH="29"/>
						<String ID="P23_ST00237" HPOS="701" VPOS="2052" WIDTH="141" HEIGHT="39" CONTENT="gründet," WC="1.00" CC="00000600"/>
						<SP ID="P23_SP00197" HPOS="842" VPOS="2091" WIDTH="30"/>
						<String ID="P23_ST00238" HPOS="872" VPOS="2050" WIDTH="57" HEIGHT="29" CONTENT="den" WC="1.00" CC="000"/>
						<SP ID="P23_SP00198" HPOS="929" VPOS="2091" WIDTH="30"/>
						<String ID="P23_ST00239" HPOS="959" VPOS="2049" WIDTH="166" HEIGHT="30" CONTENT="Einzelnen" WC="1.00" CC="060001005"/>
						<SP ID="P23_SP00199" HPOS="1125" VPOS="2091" WIDTH="28"/>
						<String ID="P23_ST00240" HPOS="1153" VPOS="2058" WIDTH="55" HEIGHT="19" CONTENT="aus" WC="1.00" CC="000"/>
					</TextLine>
				</TextBlock>
				<TextBlock ID="P23_TB00003" HPOS="1289" VPOS="520" WIDTH="685" HEIGHT="1562" STYLEREFS="TXT_1 PAR_BLOCK">
					<TextLine ID="P23_TL00042" HPOS="1290" VPOS="521" WIDTH="678" HEIGHT="34">
						<String ID="P23_ST00241" HPOS="1290" VPOS="526" WIDTH="61" HEIGHT="29" CONTENT="sich" WC="0.96" CC="0637"/>
						<SP ID="P23_SP00200" HPOS="1351" VPOS="555" WIDTH="26"/>
						<String ID="P23_ST00242" HPOS="1377" VPOS="524" WIDTH="175" HEIGHT="30" CONTENT="entwickelt" WC="0.99" CC="7633007760"/>
						<SP ID="P23_SP00201" HPOS="1552" VPOS="555" WIDTH="25"/>
						<String ID="P23_ST00243" HPOS="1577" VPOS="522" WIDTH="61" HEIGHT="29" CONTENT="und" WC="0.97" CC="800"/>
						<SP ID="P23_SP00202" HPOS="1638" VPOS="555" WIDTH="25"/>
						<String ID="P23_ST00244" HPOS="1663" VPOS="533" WIDTH="32" HEIGHT="17" CONTENT="so" WC="1.00" CC="00"/>
						<SP ID="P23_SP00203" HPOS="1695" VPOS="555" WIDTH="25"/>
						<String ID="P23_ST00245" HPOS="1720" VPOS="521" WIDTH="57" HEIGHT="29" CONTENT="den" WC="0.96" CC="704"/>
						<SP ID="P23_SP00204" HPOS="1777" VPOS="555" WIDTH="24"/>
						<String ID="P23_ST00246" HPOS="1801" VPOS="522" WIDTH="167" HEIGHT="28" CONTENT="Menschen" WC="1.00" CC="20000600"/>
					</TextLine>
					<TextLine ID="P23_TL00043" HPOS="1290" VPOS="560" WIDTH="679" HEIGHT="40">
						<String ID="P23_ST00247" HPOS="1290" VPOS="564" WIDTH="138" HEIGHT="36" CONTENT="zugleich" WC="0.98" CC="98760040"/>
						<SP ID="P23_SP00205" HPOS="1428" VPOS="600" WIDTH="22"/>
						<String ID="P23_ST00248" HPOS="1450" VPOS="564" WIDTH="62" HEIGHT="28" CONTENT="sich" WC="1.00" CC="0000"/>
						<SP ID="P23_SP00206" HPOS="1512" VPOS="600" WIDTH="22"/>
						<String ID="P23_ST00249" HPOS="1534" VPOS="563" WIDTH="87" HEIGHT="29" CONTENT="selbst" WC="0.99" CC="041600"/>
						<SP ID="P23_SP00207" HPOS="1621" VPOS="600" WIDTH="22"/>
						<String ID="P23_ST00250" HPOS="1643" VPOS="560" WIDTH="61" HEIGHT="30" CONTENT="und" WC="0.93" CC="909"/>
						<SP ID="P23_SP00208" HPOS="1704" VPOS="600" WIDTH="23"/>
						<String ID="P23_ST00251" HPOS="1727" VPOS="561" WIDTH="78" HEIGHT="28" CONTENT="auch" WC="0.98" CC="2050"/>
						<SP ID="P23_SP00209" HPOS="1805" VPOS="600" WIDTH="16"/>
						<String ID="P23_ST00252" HPOS="1821" VPOS="560" WIDTH="50" HEIGHT="29" CONTENT="der" WC="0.95" CC="057"/>
						<SP ID="P23_SP00210" HPOS="1871" VPOS="600" WIDTH="16"/>
						<String ID="P23_ST00253" HPOS="1887" VPOS="561" WIDTH="82" HEIGHT="28" CONTENT="Welt" WC="0.97" CC="7070"/>
					</TextLine>
					<TextLine ID="P23_TL00044" HPOS="1290" VPOS="598" WIDTH="679" HEIGHT="37">
						<String ID="P23_ST00254" HPOS="1290" VPOS="602" WIDTH="189" HEIGHT="29" CONTENT="entfremdet*" WC="1.00" CC="00007020007"/>
						<SP ID="P23_SP00211" HPOS="1479" VPOS="631" WIDTH="36"/>
						<String ID="P23_ST00255" HPOS="1515" VPOS="602" WIDTH="61" HEIGHT="28" CONTENT="Der" WC="0.99" CC="200"/>
						<SP ID="P23_SP00212" HPOS="1576" VPOS="631" WIDTH="21"/>
						<String ID="P23_ST00256" HPOS="1597" VPOS="613" WIDTH="32" HEIGHT="17" CONTENT="so" WC="1.00" CC="00"/>
						<SP ID="P23_SP00213" HPOS="1629" VPOS="631" WIDTH="21"/>
						<String ID="P23_ST00257" HPOS="1650" VPOS="598" WIDTH="199" HEIGHT="36" CONTENT="„Gebildete”" WC="0.99" CC="62080700008"/>
						<SP ID="P23_SP00214" HPOS="1849" VPOS="634" WIDTH="21"/>
						<String ID="P23_ST00258" HPOS="1870" VPOS="599" WIDTH="99" HEIGHT="36" CONTENT="hängt" WC="0.98" CC="07070"/>
					</TextLine>
					<TextLine ID="P23_TL00045" HPOS="1290" VPOS="638" WIDTH="678" HEIGHT="39">
						<String ID="P23_ST00259" HPOS="1290" VPOS="641" WIDTH="63" HEIGHT="28" CONTENT="sich" WC="1.00" CC="0000"/>
						<SP ID="P23_SP00215" HPOS="1353" VPOS="669" WIDTH="14"/>
						<String ID="P23_ST00260" HPOS="1367" VPOS="641" WIDTH="162" HEIGHT="36" CONTENT="gleichsam" WC="0.99" CC="075000050"/>
						<SP ID="P23_SP00216" HPOS="1529" VPOS="677" WIDTH="12"/>
						<String ID="P23_ST00261" HPOS="1541" VPOS="641" WIDTH="78" HEIGHT="28" CONTENT="nach" WC="1.00" CC="0000"/>
						<SP ID="P23_SP00217" HPOS="1619" VPOS="677" WIDTH="12"/>
						<String ID="P23_ST00262" HPOS="1631" VPOS="650" WIDTH="108" HEIGHT="19" CONTENT="aussen" WC="0.99" CC="000060"/>
						<SP ID="P23_SP00218" HPOS="1739" VPOS="677" WIDTH="12"/>
						<String ID="P23_ST00263" HPOS="1751" VPOS="650" WIDTH="39" HEIGHT="17" CONTENT="an" WC="1.00" CC="00"/>
						<SP ID="P23_SP00219" HPOS="1790" VPOS="677" WIDTH="11"/>
						<String ID="P23_ST00264" HPOS="1801" VPOS="638" WIDTH="46" HEIGHT="29" CONTENT="die" WC="0.97" CC="060"/>
						<SP ID="P23_SP00220" HPOS="1847" VPOS="677" WIDTH="10"/>
						<String ID="P23_ST00265" HPOS="1857" VPOS="638" WIDTH="111" HEIGHT="36" CONTENT="Dinge," WC="0.98" CC="670056"/>
					</TextLine>
					<TextLine ID="P23_TL00046" HPOS="1290" VPOS="679" WIDTH="527" HEIGHT="35">
						<String ID="P23_ST00266" HPOS="1290" VPOS="685" WIDTH="72" HEIGHT="23" CONTENT="statt" WC="1.00" CC="00000"/>
						<SP ID="P23_SP00221" HPOS="1362" VPOS="708" WIDTH="22"/>
						<String ID="P23_ST00267" HPOS="1384" VPOS="682" WIDTH="41" HEIGHT="26" CONTENT="sie" WC="0.97" CC="070"/>
						<SP ID="P23_SP00222" HPOS="1425" VPOS="708" WIDTH="22"/>
						<String ID="P23_ST00268" HPOS="1447" VPOS="690" WIDTH="39" HEIGHT="17" CONTENT="an" WC="1.00" CC="00"/>
						<SP ID="P23_SP00223" HPOS="1486" VPOS="708" WIDTH="21"/>
						<String ID="P23_ST00269" HPOS="1507" VPOS="679" WIDTH="62" HEIGHT="28" CONTENT="sich" WC="1.00" CC="0000"/>
						<SP ID="P23_SP00224" HPOS="1569" VPOS="708" WIDTH="22"/>
						<String ID="P23_ST00270" HPOS="1591" VPOS="679" WIDTH="226" HEIGHT="35" CONTENT="aufzuhängen*" WC="0.99" CC="000800900601"/>
					</TextLine>
					<TextLine ID="P23_TL00047" HPOS="1621" VPOS="738" WIDTH="14" HEIGHT="15">
						<String ID="P23_ST00271" HPOS="1621" VPOS="738" WIDTH="14" HEIGHT="15" CONTENT="*" WC="0.55" CC="4" STYLEREFS="TXT_2"/>
					</TextLine>
					<TextLine ID="P23_TL00048" HPOS="1350" VPOS="794" WIDTH="619" HEIGHT="35">
						<String ID="P23_ST00272" HPOS="1350" VPOS="795" WIDTH="51" HEIGHT="28" CONTENT="Ich" WC="1.00" CC="000"/>
						<SP ID="P23_SP00225" HPOS="1401" VPOS="823" WIDTH="26"/>
						<String ID="P23_ST00273" HPOS="1427" VPOS="794" WIDTH="77" HEIGHT="29" CONTENT="habe" WC="0.97" CC="0076"/>
						<SP ID="P23_SP00226" HPOS="1504" VPOS="823" WIDTH="26"/>
						<String ID="P23_ST00274" HPOS="1530" VPOS="805" WIDTH="61" HEIGHT="17" CONTENT="von" WC="0.98" CC="600"/>
						<SP ID="P23_SP00227" HPOS="1591" VPOS="823" WIDTH="32"/>
						<String ID="P23_ST00275" HPOS="1623" VPOS="795" WIDTH="80" HEIGHT="34" CONTENT="jeher" WC="0.98" CC="70040"/>
						<SP ID="P23_SP00228" HPOS="1703" VPOS="829" WIDTH="28"/>
						<String ID="P23_ST00276" HPOS="1731" VPOS="794" WIDTH="46" HEIGHT="29" CONTENT="die" WC="1.00" CC="000"/>
						<SP ID="P23_SP00229" HPOS="1777" VPOS="829" WIDTH="25"/>
						<String ID="P23_ST00277" HPOS="1802" VPOS="794" WIDTH="167" HEIGHT="29" CONTENT="Menschen" WC="0.99" CC="50024000"/>
					</TextLine>
					<TextLine ID="P23_TL00049" HPOS="1292" VPOS="832" WIDTH="676" HEIGHT="39">
						<String ID="P23_ST00278" HPOS="1292" VPOS="845" WIDTH="71" HEIGHT="26" CONTENT="gern" WC="1.00" CC="0000"/>
						<SP ID="P23_SP00230" HPOS="1363" VPOS="871" WIDTH="23"/>
						<String ID="P23_ST00279" HPOS="1386" VPOS="833" WIDTH="122" HEIGHT="37" CONTENT="gehabt," WC="0.99" CC="0000704"/>
						<SP ID="P23_SP00231" HPOS="1508" VPOS="871" WIDTH="22"/>
						<String ID="P23_ST00280" HPOS="1530" VPOS="832" WIDTH="47" HEIGHT="30" CONTENT="die" WC="0.98" CC="040"/>
						<SP ID="P23_SP00232" HPOS="1577" VPOS="871" WIDTH="15"/>
						<String ID="P23_ST00281" HPOS="1592" VPOS="832" WIDTH="57" HEIGHT="29" CONTENT="den" WC="1.00" CC="000"/>
						<SP ID="P23_SP00233" HPOS="1649" VPOS="871" WIDTH="16"/>
						<String ID="P23_ST00282" HPOS="1665" VPOS="833" WIDTH="93" HEIGHT="28" CONTENT="Muth" WC="1.00" CC="0000"/>
						<SP ID="P23_SP00234" HPOS="1758" VPOS="871" WIDTH="15"/>
						<String ID="P23_ST00283" HPOS="1773" VPOS="843" WIDTH="53" HEIGHT="20" CONTENT="zur" WC="1.00" CC="000"/>
						<SP ID="P23_SP00235" HPOS="1826" VPOS="871" WIDTH="15"/>
						<String ID="P23_ST00284" HPOS="1841" VPOS="834" WIDTH="102" HEIGHT="28" CONTENT="Dumm" SUBS_TYPE="HypPart1" SUBS_CONTENT="Dummheit" WC="0.99" CC="2000"/>
						<HYP HPOS="1943" VPOS="834" WIDTH="25" CONTENT="-"/>
					</TextLine>
					<TextLine ID="P23_TL00050" HPOS="1290" VPOS="871" WIDTH="679" HEIGHT="35">
						<String ID="P23_ST00285" HPOS="1290" VPOS="874" WIDTH="62" HEIGHT="28" CONTENT="heit" SUBS_TYPE="HypPart2" SUBS_CONTENT="Dummheit" WC="1.00" CC="0000"/>
						<SP ID="P23_SP00236" HPOS="1352" VPOS="902" WIDTH="22"/>
						<String ID="P23_ST00286" HPOS="1374" VPOS="873" WIDTH="121" HEIGHT="33" CONTENT="hatten," WC="1.00" CC="0000004"/>
						<SP ID="P23_SP00237" HPOS="1495" VPOS="906" WIDTH="25"/>
						<String ID="P23_ST00287" HPOS="1520" VPOS="872" WIDTH="56" HEIGHT="29" CONTENT="den" WC="1.00" CC="000"/>
						<SP ID="P23_SP00238" HPOS="1576" VPOS="906" WIDTH="22"/>
						<String ID="P23_ST00288" HPOS="1598" VPOS="871" WIDTH="107" HEIGHT="33" CONTENT="Muth," WC="0.91" CC="00004"/>
						<SP ID="P23_SP00239" HPOS="1705" VPOS="906" WIDTH="27"/>
						<String ID="P23_ST00289" HPOS="1732" VPOS="872" WIDTH="62" HEIGHT="28" CONTENT="sich" WC="1.00" CC="0000"/>
						<SP ID="P23_SP00240" HPOS="1794" VPOS="906" WIDTH="22"/>
						<String ID="P23_ST00290" HPOS="1816" VPOS="877" WIDTH="77" HEIGHT="24" CONTENT="trotz" WC="0.99" CC="00400"/>
						<SP ID="P23_SP00241" HPOS="1893" VPOS="906" WIDTH="22"/>
						<String ID="P23_ST00291" HPOS="1915" VPOS="872" WIDTH="41" HEIGHT="28" CONTENT="all" SUBS_TYPE="HypPart1" SUBS_CONTENT="allgemeinsten" WC="0.96" CC="077"/>
						<HYP HPOS="1956" VPOS="872" WIDTH="13" CONTENT="-"/>
					</TextLine>
					<TextLine ID="P23_TL00051" HPOS="1291" VPOS="910" WIDTH="678" HEIGHT="39">
						<String ID="P23_ST00292" HPOS="1291" VPOS="915" WIDTH="186" HEIGHT="34" CONTENT="gemeinsten" SUBS_TYPE="HypPart2" SUBS_CONTENT="allgemeinsten" WC="0.99" CC="9605000060"/>
						<SP ID="P23_SP00242" HPOS="1477" VPOS="949" WIDTH="17"/>
						<String ID="P23_ST00293" HPOS="1494" VPOS="911" WIDTH="174" HEIGHT="30" CONTENT="Gelächters" WC="1.00" CC="1010000000"/>
						<SP ID="P23_SP00243" HPOS="1668" VPOS="949" WIDTH="16"/>
						<String ID="P23_ST00294" HPOS="1684" VPOS="910" WIDTH="111" HEIGHT="29" CONTENT="einmal" WC="1.00" CC="000006"/>
						<SP ID="P23_SP00244" HPOS="1795" VPOS="949" WIDTH="15"/>
						<String ID="P23_ST00295" HPOS="1810" VPOS="910" WIDTH="159" HEIGHT="35" CONTENT="gründlich" WC="1.00" CC="000007000"/>
					</TextLine>
					<TextLine ID="P23_TL00052" HPOS="1291" VPOS="948" WIDTH="679" HEIGHT="37">
						<String ID="P23_ST00296" HPOS="1291" VPOS="962" WIDTH="37" HEIGHT="19" CONTENT="zu" WC="1.00" CC="00"/>
						<SP ID="P23_SP00245" HPOS="1328" VPOS="981" WIDTH="15"/>
						<String ID="P23_ST00297" HPOS="1343" VPOS="951" WIDTH="155" HEIGHT="34" CONTENT="blamiren," WC="0.78" CC="750000600"/>
						<SP ID="P23_SP00246" HPOS="1498" VPOS="985" WIDTH="11"/>
						<String ID="P23_ST00298" HPOS="1509" VPOS="951" WIDTH="68" HEIGHT="29" CONTENT="weil" WC="0.95" CC="9606"/>
						<SP ID="P23_SP00247" HPOS="1577" VPOS="985" WIDTH="15"/>
						<String ID="P23_ST00299" HPOS="1592" VPOS="962" WIDTH="30" HEIGHT="17" CONTENT="er" WC="0.72" CC="50"/>
						<SP ID="P23_SP00248" HPOS="1622" VPOS="985" WIDTH="14"/>
						<String ID="P23_ST00300" HPOS="1636" VPOS="950" WIDTH="97" HEIGHT="29" CONTENT="nichts" WC="1.00" CC="002000"/>
						<SP ID="P23_SP00249" HPOS="1733" VPOS="985" WIDTH="11"/>
						<String ID="P23_ST00301" HPOS="1744" VPOS="948" WIDTH="124" HEIGHT="30" CONTENT="anderes" WC="0.99" CC="0006063"/>
						<SP ID="P23_SP00250" HPOS="1868" VPOS="985" WIDTH="12"/>
						<String ID="P23_ST00302" HPOS="1880" VPOS="951" WIDTH="36" HEIGHT="26" CONTENT="ist" WC="0.97" CC="700"/>
						<SP ID="P23_SP00251" HPOS="1916" VPOS="985" WIDTH="12"/>
						<String ID="P23_ST00303" HPOS="1928" VPOS="949" WIDTH="42" HEIGHT="28" CONTENT="als" WC="0.97" CC="080"/>
					</TextLine>
					<TextLine ID="P23_TL00053" HPOS="1291" VPOS="988" WIDTH="679" HEIGHT="34">
						<String ID="P23_ST00304" HPOS="1291" VPOS="991" WIDTH="50" HEIGHT="29" CONTENT="der" WC="1.00" CC="000"/>
						<SP ID="P23_SP00252" HPOS="1341" VPOS="1020" WIDTH="14"/>
						<String ID="P23_ST00305" HPOS="1355" VPOS="991" WIDTH="94" HEIGHT="29" CONTENT="Muth" WC="1.00" CC="0000"/>
						<SP ID="P23_SP00253" HPOS="1449" VPOS="1020" WIDTH="21"/>
						<String ID="P23_ST00306" HPOS="1470" VPOS="1001" WIDTH="37" HEIGHT="19" CONTENT="zu" WC="1.00" CC="00"/>
						<SP ID="P23_SP00254" HPOS="1507" VPOS="1020" WIDTH="22"/>
						<String ID="P23_ST00307" HPOS="1529" VPOS="990" WIDTH="63" HEIGHT="29" CONTENT="sich" WC="0.98" CC="0800"/>
						<SP ID="P23_SP00255" HPOS="1592" VPOS="1020" WIDTH="18"/>
						<String ID="P23_ST00308" HPOS="1610" VPOS="989" WIDTH="98" HEIGHT="33" CONTENT="selbst," WC="0.99" CC="0560000"/>
						<SP ID="P23_SP00256" HPOS="1708" VPOS="1022" WIDTH="22"/>
						<String ID="P23_ST00309" HPOS="1730" VPOS="989" WIDTH="49" HEIGHT="29" CONTENT="der" WC="1.00" CC="000"/>
						<SP ID="P23_SP00257" HPOS="1779" VPOS="1022" WIDTH="14"/>
						<String ID="P23_ST00310" HPOS="1793" VPOS="988" WIDTH="93" HEIGHT="28" CONTENT="Mufh" WC="1.00" CC="0000"/>
						<SP ID="P23_SP00258" HPOS="1886" VPOS="1022" WIDTH="15"/>
						<String ID="P23_ST00311" HPOS="1901" VPOS="998" WIDTH="69" HEIGHT="19" CONTENT="zum" WC="1.00" CC="000"/>
					</TextLine>
					<TextLine ID="P23_TL00054" HPOS="1292" VPOS="1027" WIDTH="676" HEIGHT="39">
						<String ID="P23_ST00312" HPOS="1292" VPOS="1030" WIDTH="148" HEIGHT="29" CONTENT="Schlüssel" WC="0.99" CC="000480006"/>
						<SP ID="P23_SP00259" HPOS="1440" VPOS="1059" WIDTH="22"/>
						<String ID="P23_ST00313" HPOS="1462" VPOS="1030" WIDTH="72" HEIGHT="28" CONTENT="aller" WC="0.98" CC="05700"/>
						<SP ID="P23_SP00260" HPOS="1534" VPOS="1059" WIDTH="22"/>
						<String ID="P23_ST00314" HPOS="1556" VPOS="1030" WIDTH="111" HEIGHT="36" CONTENT="Dinge," WC="1.00" CC="500000"/>
						<SP ID="P23_SP00261" HPOS="1667" VPOS="1066" WIDTH="21"/>
						<String ID="P23_ST00315" HPOS="1688" VPOS="1029" WIDTH="67" HEIGHT="29" CONTENT="dem" WC="1.00" CC="000"/>
						<SP ID="P23_SP00262" HPOS="1755" VPOS="1066" WIDTH="22"/>
						<String ID="P23_ST00316" HPOS="1777" VPOS="1027" WIDTH="191" HEIGHT="30" CONTENT="EIGENEN" WC="0.99" CC="0000505"/>
					</TextLine>
					<TextLine ID="P23_TL00055" HPOS="1293" VPOS="1062" WIDTH="177" HEIGHT="35">
						<String ID="P23_ST00317" HPOS="1293" VPOS="1062" WIDTH="177" HEIGHT="35" CONTENT="GEFÜHL*" WC="0.99" CC="0000404"/>
					</TextLine>
					<TextLine ID="P23_TL00056" HPOS="1351" VPOS="1106" WIDTH="619" HEIGHT="38">
						<String ID="P23_ST00318" HPOS="1351" VPOS="1108" WIDTH="63" HEIGHT="28" CONTENT="Das" WC="1.00" CC="000"/>
						<SP ID="P23_SP00263" HPOS="1414" VPOS="1136" WIDTH="22"/>
						<String ID="P23_ST00319" HPOS="1436" VPOS="1119" WIDTH="104" HEIGHT="25" CONTENT="eigene" WC="1.00" CC="000000"/>
						<SP ID="P23_SP00264" HPOS="1540" VPOS="1144" WIDTH="16"/>
						<String ID="P23_ST00320" HPOS="1556" VPOS="1108" WIDTH="113" HEIGHT="29" CONTENT="Gefühl" WC="0.99" CC="005005"/>
						<SP ID="P23_SP00265" HPOS="1669" VPOS="1144" WIDTH="15"/>
						<String ID="P23_ST00321" HPOS="1684" VPOS="1110" WIDTH="35" HEIGHT="27" CONTENT="ist" WC="0.97" CC="420"/>
						<SP ID="P23_SP00266" HPOS="1719" VPOS="1144" WIDTH="22"/>
						<String ID="P23_ST00322" HPOS="1741" VPOS="1107" WIDTH="79" HEIGHT="29" CONTENT="auch" WC="1.00" CC="0000"/>
						<SP ID="P23_SP00267" HPOS="1820" VPOS="1144" WIDTH="21"/>
						<String ID="P23_ST00323" HPOS="1841" VPOS="1106" WIDTH="49" HEIGHT="29" CONTENT="der" WC="0.98" CC="060"/>
						<SP ID="P23_SP00268" HPOS="1890" VPOS="1144" WIDTH="19"/>
						<String ID="P23_ST00324" HPOS="1909" VPOS="1108" WIDTH="46" HEIGHT="27" CONTENT="ein" SUBS_TYPE="HypPart1" SUBS_CONTENT="einzige" WC="0.99" CC="000"/>
						<HYP HPOS="1955" VPOS="1108" WIDTH="15" CONTENT="-"/>
					</TextLine>
					<TextLine ID="P23_TL00057" HPOS="1293" VPOS="1145" WIDTH="678" HEIGHT="38">
						<String ID="P23_ST00325" HPOS="1293" VPOS="1149" WIDTH="65" HEIGHT="34" CONTENT="zige" SUBS_TYPE="HypPart2" SUBS_CONTENT="einzige" WC="1.00" CC="0000"/>
						<SP ID="P23_SP00269" HPOS="1358" VPOS="1183" WIDTH="22"/>
						<String ID="P23_ST00326" HPOS="1380" VPOS="1146" WIDTH="78" HEIGHT="36" CONTENT="Weg" WC="0.96" CC="900"/>
						<SP ID="P23_SP00270" HPOS="1458" VPOS="1183" WIDTH="22"/>
						<String ID="P23_ST00327" HPOS="1480" VPOS="1157" WIDTH="51" HEIGHT="19" CONTENT="zur" WC="1.00" CC="000"/>
						<SP ID="P23_SP00271" HPOS="1531" VPOS="1183" WIDTH="22"/>
						<String ID="P23_ST00328" HPOS="1553" VPOS="1147" WIDTH="117" HEIGHT="34" CONTENT="Kunst," WC="1.00" CC="000004"/>
						<SP ID="P23_SP00272" HPOS="1670" VPOS="1183" WIDTH="26"/>
						<String ID="P23_ST00329" HPOS="1696" VPOS="1146" WIDTH="50" HEIGHT="30" CONTENT="der" WC="1.00" CC="000"/>
						<SP ID="P23_SP00273" HPOS="1746" VPOS="1183" WIDTH="22"/>
						<String ID="P23_ST00330" HPOS="1768" VPOS="1149" WIDTH="131" HEIGHT="34" CONTENT="einzige," WC="1.00" CC="00000000"/>
						<SP ID="P23_SP00274" HPOS="1899" VPOS="1183" WIDTH="22"/>
						<String ID="P23_ST00331" HPOS="1921" VPOS="1145" WIDTH="50" HEIGHT="29" CONTENT="der" WC="0.98" CC="060"/>
					</TextLine>
					<TextLine ID="P23_TL00058" HPOS="1294" VPOS="1185" WIDTH="677" HEIGHT="38">
						<String ID="P23_ST00332" HPOS="1294" VPOS="1196" WIDTH="53" HEIGHT="18" CONTENT="aus" WC="1.00" CC="000"/>
						<SP ID="P23_SP00275" HPOS="1347" VPOS="1214" WIDTH="22"/>
						<String ID="P23_ST00333" HPOS="1369" VPOS="1185" WIDTH="95" HEIGHT="29" CONTENT="ihrem" WC="1.00" CC="00000"/>
						<SP ID="P23_SP00276" HPOS="1464" VPOS="1214" WIDTH="16"/>
						<String ID="P23_ST00334" HPOS="1480" VPOS="1186" WIDTH="111" HEIGHT="29" CONTENT="Wesen" WC="1.00" CC="00000"/>
						<SP ID="P23_SP00277" HPOS="1591" VPOS="1215" WIDTH="14"/>
						<String ID="P23_ST00335" HPOS="1605" VPOS="1186" WIDTH="133" HEIGHT="37" CONTENT="möglich" WC="0.99" CC="0603010"/>
						<SP ID="P23_SP00278" HPOS="1738" VPOS="1223" WIDTH="15"/>
						<String ID="P23_ST00336" HPOS="1753" VPOS="1188" WIDTH="46" HEIGHT="27" CONTENT="ist*" WC="1.00" CC="0000"/>
						<SP ID="P23_SP00279" HPOS="1799" VPOS="1223" WIDTH="36"/>
						<String ID="P23_ST00337" HPOS="1835" VPOS="1186" WIDTH="47" HEIGHT="29" CONTENT="Sie" WC="0.97" CC="006"/>
						<SP ID="P23_SP00280" HPOS="1882" VPOS="1223" WIDTH="15"/>
						<String ID="P23_ST00338" HPOS="1897" VPOS="1185" WIDTH="74" HEIGHT="28" CONTENT="wird" WC="0.97" CC="9600"/>
					</TextLine>
					<TextLine ID="P23_TL00059" HPOS="1294" VPOS="1224" WIDTH="678" HEIGHT="38">
						<String ID="P23_ST00339" HPOS="1294" VPOS="1235" WIDTH="53" HEIGHT="18" CONTENT="aus" WC="1.00" CC="000"/>
						<SP ID="P23_SP00281" HPOS="1347" VPOS="1253" WIDTH="26"/>
						<String ID="P23_ST00340" HPOS="1373" VPOS="1224" WIDTH="68" HEIGHT="29" CONTENT="dem" WC="0.98" CC="060"/>
						<SP ID="P23_SP00282" HPOS="1441" VPOS="1253" WIDTH="23"/>
						<String ID="P23_ST00341" HPOS="1464" VPOS="1225" WIDTH="114" HEIGHT="29" CONTENT="Gefühl" WC="0.99" CC="000007"/>
						<SP ID="P23_SP00283" HPOS="1578" VPOS="1254" WIDTH="27"/>
						<String ID="P23_ST00342" HPOS="1605" VPOS="1225" WIDTH="174" HEIGHT="37" CONTENT="geschaffen" WC="1.00" CC="0003000000"/>
						<SP ID="P23_SP00284" HPOS="1779" VPOS="1262" WIDTH="26"/>
						<String ID="P23_ST00343" HPOS="1805" VPOS="1224" WIDTH="61" HEIGHT="30" CONTENT="und" WC="1.00" CC="000"/>
						<SP ID="P23_SP00285" HPOS="1866" VPOS="1262" WIDTH="26"/>
						<String ID="P23_ST00344" HPOS="1892" VPOS="1235" WIDTH="80" HEIGHT="18" CONTENT="muss" WC="1.00" CC="0000"/>
					</TextLine>
					<TextLine ID="P23_TL00060" HPOS="1294" VPOS="1263" WIDTH="677" HEIGHT="30">
						<String ID="P23_ST00345" HPOS="1294" VPOS="1267" WIDTH="44" HEIGHT="25" CONTENT="ins" WC="0.98" CC="400"/>
						<SP ID="P23_SP00286" HPOS="1338" VPOS="1292" WIDTH="27"/>
						<String ID="P23_ST00346" HPOS="1365" VPOS="1263" WIDTH="114" HEIGHT="29" CONTENT="Gefühl" WC="0.99" CC="000006"/>
						<SP ID="P23_SP00287" HPOS="1479" VPOS="1292" WIDTH="26"/>
						<String ID="P23_ST00347" HPOS="1505" VPOS="1264" WIDTH="128" HEIGHT="29" CONTENT="wirken*" WC="0.99" CC="0006600"/>
						<SP ID="P23_SP00288" HPOS="1633" VPOS="1293" WIDTH="46"/>
						<String ID="P23_ST00348" HPOS="1679" VPOS="1264" WIDTH="67" HEIGHT="29" CONTENT="Wie" WC="1.00" CC="000"/>
						<SP ID="P23_SP00289" HPOS="1746" VPOS="1293" WIDTH="30"/>
						<String ID="P23_ST00349" HPOS="1776" VPOS="1266" WIDTH="53" HEIGHT="27" CONTENT="wir" WC="1.00" CC="000"/>
						<SP ID="P23_SP00290" HPOS="1829" VPOS="1293" WIDTH="27"/>
						<String ID="P23_ST00350" HPOS="1856" VPOS="1264" WIDTH="96" HEIGHT="29" CONTENT="Kunst" SUBS_TYPE="HypPart1" SUBS_CONTENT="Kunstwerke" WC="1.00" CC="00000"/>
						<HYP HPOS="1952" VPOS="1264" WIDTH="19" CONTENT="-"/>
					</TextLine>
					<TextLine ID="P23_TL00061" HPOS="1294" VPOS="1302" WIDTH="678" HEIGHT="30">
						<String ID="P23_ST00351" HPOS="1294" VPOS="1302" WIDTH="100" HEIGHT="29" CONTENT="werke" SUBS_TYPE="HypPart2" SUBS_CONTENT="Kunstwerke" WC="1.00" CC="00000"/>
						<SP ID="P23_SP00291" HPOS="1394" VPOS="1331" WIDTH="34"/>
						<String ID="P23_ST00352" HPOS="1428" VPOS="1302" WIDTH="47" HEIGHT="29" CONTENT="bei" WC="0.97" CC="700"/>
						<SP ID="P23_SP00292" HPOS="1475" VPOS="1331" WIDTH="36"/>
						<String ID="P23_ST00353" HPOS="1511" VPOS="1303" WIDTH="56" HEIGHT="29" CONTENT="den" WC="1.00" CC="000"/>
						<SP ID="P23_SP00293" HPOS="1567" VPOS="1332" WIDTH="36"/>
						<String ID="P23_ST00354" HPOS="1603" VPOS="1303" WIDTH="201" HEIGHT="29" CONTENT="kindlichsten" WC="1.00" CC="600070000000"/>
						<SP ID="P23_SP00294" HPOS="1804" VPOS="1332" WIDTH="29"/>
						<String ID="P23_ST00355" HPOS="1833" VPOS="1303" WIDTH="139" HEIGHT="29" CONTENT="Völkern" WC="0.99" CC="2337000"/>
					</TextLine>
					<TextLine ID="P23_TL00062" HPOS="1293" VPOS="1341" WIDTH="679" HEIGHT="33">
						<String ID="P23_ST00356" HPOS="1293" VPOS="1341" WIDTH="119" HEIGHT="33" CONTENT="finden," WC="1.00" CC="0000000"/>
						<SP ID="P23_SP00295" HPOS="1412" VPOS="1374" WIDTH="30"/>
						<String ID="P23_ST00357" HPOS="1442" VPOS="1353" WIDTH="32" HEIGHT="17" CONTENT="so" WC="1.00" CC="00"/>
						<SP ID="P23_SP00296" HPOS="1474" VPOS="1374" WIDTH="27"/>
						<String ID="P23_ST00358" HPOS="1501" VPOS="1342" WIDTH="79" HEIGHT="29" CONTENT="auch" WC="0.98" CC="0027"/>
						<SP ID="P23_SP00297" HPOS="1580" VPOS="1374" WIDTH="25"/>
						<String ID="P23_ST00359" HPOS="1605" VPOS="1342" WIDTH="116" HEIGHT="29" CONTENT="Freude" WC="0.99" CC="006006"/>
						<SP ID="P23_SP00298" HPOS="1721" VPOS="1374" WIDTH="25"/>
						<String ID="P23_ST00360" HPOS="1746" VPOS="1353" WIDTH="39" HEIGHT="18" CONTENT="an" WC="1.00" CC="00"/>
						<SP ID="P23_SP00299" HPOS="1785" VPOS="1374" WIDTH="29"/>
						<String ID="P23_ST00361" HPOS="1814" VPOS="1342" WIDTH="143" HEIGHT="29" CONTENT="künstleri" SUBS_TYPE="HypPart1" SUBS_CONTENT="künstlerischen" WC="0.99" CC="700027000"/>
						<HYP HPOS="1957" VPOS="1342" WIDTH="15" CONTENT="-"/>
					</TextLine>
					<TextLine ID="P23_TL00063" HPOS="1293" VPOS="1381" WIDTH="680" HEIGHT="36">
						<String ID="P23_ST00362" HPOS="1293" VPOS="1381" WIDTH="90" HEIGHT="28" CONTENT="schen" SUBS_TYPE="HypPart2" SUBS_CONTENT="künstlerischen" WC="1.00" CC="00000"/>
						<SP ID="P23_SP00300" HPOS="1383" VPOS="1409" WIDTH="16"/>
						<String ID="P23_ST00363" HPOS="1399" VPOS="1381" WIDTH="234" HEIGHT="36" CONTENT="Darstellungen" WC="1.00" CC="1000000700000"/>
						<SP ID="P23_SP00301" HPOS="1633" VPOS="1417" WIDTH="15"/>
						<String ID="P23_ST00364" HPOS="1648" VPOS="1381" WIDTH="48" HEIGHT="29" CONTENT="bei" WC="0.97" CC="700"/>
						<SP ID="P23_SP00302" HPOS="1696" VPOS="1417" WIDTH="15"/>
						<String ID="P23_ST00365" HPOS="1711" VPOS="1381" WIDTH="57" HEIGHT="29" CONTENT="den" WC="1.00" CC="000"/>
						<SP ID="P23_SP00303" HPOS="1768" VPOS="1417" WIDTH="19"/>
						<String ID="P23_ST00366" HPOS="1787" VPOS="1381" WIDTH="186" HEIGHT="29" CONTENT="einfachsten" WC="1.00" CC="00000200000"/>
					</TextLine>
					<TextLine ID="P23_TL00064" HPOS="1293" VPOS="1420" WIDTH="680" HEIGHT="30">
						<String ID="P23_ST00367" HPOS="1293" VPOS="1420" WIDTH="179" HEIGHT="29" CONTENT="Menschen*" WC="1.00" CC="000030000"/>
						<SP ID="P23_SP00304" HPOS="1472" VPOS="1449" WIDTH="42"/>
						<String ID="P23_ST00368" HPOS="1514" VPOS="1420" WIDTH="100" HEIGHT="29" CONTENT="Wenn" WC="1.00" CC="0000"/>
						<SP ID="P23_SP00305" HPOS="1614" VPOS="1449" WIDTH="28"/>
						<String ID="P23_ST00369" HPOS="1642" VPOS="1423" WIDTH="52" HEIGHT="26" CONTENT="wir" WC="1.00" CC="000"/>
						<SP ID="P23_SP00306" HPOS="1694" VPOS="1449" WIDTH="30"/>
						<String ID="P23_ST00370" HPOS="1724" VPOS="1431" WIDTH="56" HEIGHT="18" CONTENT="uns" WC="1.00" CC="001"/>
						<SP ID="P23_SP00307" HPOS="1780" VPOS="1449" WIDTH="25"/>
						<String ID="P23_ST00371" HPOS="1805" VPOS="1420" WIDTH="78" HEIGHT="30" CONTENT="dazu" WC="1.00" CC="0000"/>
						<SP ID="P23_SP00308" HPOS="1883" VPOS="1450" WIDTH="26"/>
						<String ID="P23_ST00372" HPOS="1909" VPOS="1431" WIDTH="48" HEIGHT="18" CONTENT="ver" SUBS_TYPE="HypPart1" SUBS_CONTENT="vergegenwärtigen," WC="0.98" CC="300"/>
						<HYP HPOS="1957" VPOS="1431" WIDTH="16" CONTENT="-"/>
					</TextLine>
					<TextLine ID="P23_TL00065" HPOS="1294" VPOS="1459" WIDTH="616" HEIGHT="37">
						<String ID="P23_ST00373" HPOS="1294" VPOS="1461" WIDTH="262" HEIGHT="35" CONTENT="gegenwärtigen," SUBS_TYPE="HypPart2" SUBS_CONTENT="vergegenwärtigen," WC="1.00" CC="00000000000004"/>
						<SP ID="P23_SP00309" HPOS="1556" VPOS="1496" WIDTH="22"/>
						<String ID="P23_ST00374" HPOS="1578" VPOS="1459" WIDTH="67" HEIGHT="29" CONTENT="dass" WC="1.00" CC="0000"/>
						<SP ID="P23_SP00310" HPOS="1645" VPOS="1496" WIDTH="21"/>
						<String ID="P23_ST00375" HPOS="1666" VPOS="1459" WIDTH="244" HEIGHT="29" CONTENT="Freudemachen" WC="1.00" CC="000000000000"/>
						<SP ID="P23_SP00311" HPOS="1910" VPOS="1496" WIDTH="0"/>
					</TextLine>
					<TextLine ID="P23_TL00066" HPOS="1295" VPOS="1497" WIDTH="678" HEIGHT="38">
						<String ID="P23_ST00376" HPOS="1295" VPOS="1497" WIDTH="57" HEIGHT="29" CONTENT="den" WC="1.00" CC="000"/>
						<SP ID="P23_SP00312" HPOS="1352" VPOS="1526" WIDTH="36"/>
						<String ID="P23_ST00377" HPOS="1388" VPOS="1498" WIDTH="115" HEIGHT="36" CONTENT="Begriff" WC="1.00" CC="2000010"/>
						<SP ID="P23_SP00313" HPOS="1503" VPOS="1534" WIDTH="30"/>
						<String ID="P23_ST00378" HPOS="1533" VPOS="1501" WIDTH="42" HEIGHT="26" CONTENT="im" WC="1.00" CC="00"/>
						<SP ID="P23_SP00314" HPOS="1575" VPOS="1534" WIDTH="35"/>
						<String ID="P23_ST00379" HPOS="1610" VPOS="1504" WIDTH="155" HEIGHT="23" CONTENT="weitesten" WC="0.99" CC="000362400"/>
						<SP ID="P23_SP00315" HPOS="1765" VPOS="1534" WIDTH="32"/>
						<String ID="P23_ST00380" HPOS="1797" VPOS="1499" WIDTH="91" HEIGHT="28" CONTENT="Sinne" WC="1.00" CC="00000"/>
						<SP ID="P23_SP00316" HPOS="1888" VPOS="1534" WIDTH="36"/>
						<String ID="P23_ST00381" HPOS="1924" VPOS="1509" WIDTH="33" HEIGHT="26" CONTENT="ge" SUBS_TYPE="HypPart1" SUBS_CONTENT="genommen" WC="0.98" CC="00"/>
						<HYP HPOS="1957" VPOS="1509" WIDTH="16" CONTENT="-"/>
					</TextLine>
					<TextLine ID="P23_TL00067" HPOS="1294" VPOS="1536" WIDTH="679" HEIGHT="38">
						<String ID="P23_ST00382" HPOS="1294" VPOS="1547" WIDTH="144" HEIGHT="18" CONTENT="nommen" SUBS_TYPE="HypPart2" SUBS_CONTENT="genommen" WC="1.00" CC="000000"/>
						<SP ID="P23_SP00317" HPOS="1438" VPOS="1565" WIDTH="91"/>
						<String ID="P23_ST00383" HPOS="1529" VPOS="1536" WIDTH="50" HEIGHT="30" CONTENT="der" WC="1.00" CC="000"/>
						<SP ID="P23_SP00318" HPOS="1579" VPOS="1566" WIDTH="30"/>
						<String ID="P23_ST00384" HPOS="1609" VPOS="1537" WIDTH="126" HEIGHT="29" CONTENT="höchste" WC="1.00" CC="0400000"/>
						<SP ID="P23_SP00319" HPOS="1735" VPOS="1566" WIDTH="32"/>
						<String ID="P23_ST00385" HPOS="1767" VPOS="1537" WIDTH="61" HEIGHT="29" CONTENT="und" WC="1.00" CC="000"/>
						<SP ID="P23_SP00320" HPOS="1828" VPOS="1566" WIDTH="32"/>
						<String ID="P23_ST00386" HPOS="1860" VPOS="1540" WIDTH="97" HEIGHT="34" CONTENT="eigent" SUBS_TYPE="HypPart1" SUBS_CONTENT="eigentlichste" WC="1.00" CC="000000"/>
						<HYP HPOS="1957" VPOS="1540" WIDTH="16" CONTENT="-"/>
					</TextLine>
					<TextLine ID="P23_TL00068" HPOS="1294" VPOS="1575" WIDTH="680" HEIGHT="38">
						<String ID="P23_ST00387" HPOS="1294" VPOS="1576" WIDTH="105" HEIGHT="29" CONTENT="lichste" SUBS_TYPE="HypPart2" SUBS_CONTENT="eigentlichste" WC="1.00" CC="6000000"/>
						<SP ID="P23_SP00321" HPOS="1399" VPOS="1605" WIDTH="22"/>
						<String ID="P23_ST00388" HPOS="1421" VPOS="1575" WIDTH="106" HEIGHT="30" CONTENT="Werth" WC="1.00" CC="00000"/>
						<SP ID="P23_SP00322" HPOS="1527" VPOS="1605" WIDTH="27"/>
						<String ID="P23_ST00389" HPOS="1554" VPOS="1576" WIDTH="50" HEIGHT="29" CONTENT="der" WC="1.00" CC="000"/>
						<SP ID="P23_SP00323" HPOS="1604" VPOS="1605" WIDTH="21"/>
						<String ID="P23_ST00390" HPOS="1625" VPOS="1577" WIDTH="104" HEIGHT="29" CONTENT="Kunst" WC="1.00" CC="00000"/>
						<SP ID="P23_SP00324" HPOS="1729" VPOS="1606" WIDTH="24"/>
						<String ID="P23_ST00391" HPOS="1753" VPOS="1579" WIDTH="52" HEIGHT="31" CONTENT="ist," WC="0.99" CC="0004"/>
						<SP ID="P23_SP00325" HPOS="1805" VPOS="1610" WIDTH="24"/>
						<String ID="P23_ST00392" HPOS="1829" VPOS="1577" WIDTH="73" HEIGHT="36" CONTENT="liegt" WC="0.99" CC="60000"/>
						<SP ID="P23_SP00326" HPOS="1902" VPOS="1613" WIDTH="22"/>
						<String ID="P23_ST00393" HPOS="1924" VPOS="1575" WIDTH="50" HEIGHT="30" CONTENT="der" WC="1.00" CC="000"/>
					</TextLine>
					<TextLine ID="P23_TL00069" HPOS="1295" VPOS="1615" WIDTH="678" HEIGHT="36">
						<String ID="P23_ST00394" HPOS="1295" VPOS="1615" WIDTH="78" HEIGHT="36" CONTENT="Weg" WC="1.00" CC="000"/>
						<SP ID="P23_SP00327" HPOS="1373" VPOS="1651" WIDTH="31"/>
						<String ID="P23_ST00395" HPOS="1404" VPOS="1615" WIDTH="82" HEIGHT="33" CONTENT="klar," WC="0.98" CC="56004"/>
						<SP ID="P23_SP00328" HPOS="1486" VPOS="1651" WIDTH="29"/>
						<String ID="P23_ST00396" HPOS="1515" VPOS="1615" WIDTH="54" HEIGHT="29" CONTENT="auf" WC="1.00" CC="000"/>
						<SP ID="P23_SP00329" HPOS="1569" VPOS="1651" WIDTH="29"/>
						<String ID="P23_ST00397" HPOS="1598" VPOS="1615" WIDTH="58" HEIGHT="30" CONTENT="den" WC="1.00" CC="000"/>
						<SP ID="P23_SP00330" HPOS="1656" VPOS="1651" WIDTH="29"/>
						<String ID="P23_ST00398" HPOS="1685" VPOS="1618" WIDTH="52" HEIGHT="27" CONTENT="wir" WC="1.00" CC="000"/>
						<SP ID="P23_SP00331" HPOS="1737" VPOS="1651" WIDTH="32"/>
						<String ID="P23_ST00399" HPOS="1769" VPOS="1616" WIDTH="47" HEIGHT="29" CONTENT="die" WC="1.00" CC="000"/>
						<SP ID="P23_SP00332" HPOS="1816" VPOS="1651" WIDTH="25"/>
						<String ID="P23_ST00400" HPOS="1841" VPOS="1615" WIDTH="114" HEIGHT="29" CONTENT="Pseudo" SUBS_TYPE="HypPart1" SUBS_CONTENT="Pseudoblasirten" WC="0.86" CC="500000"/>
						<HYP HPOS="1955" VPOS="1615" WIDTH="18" CONTENT="-"/>
					</TextLine>
					<TextLine ID="P23_TL00070" HPOS="1294" VPOS="1653" WIDTH="680" HEIGHT="39">
						<String ID="P23_ST00401" HPOS="1294" VPOS="1654" WIDTH="141" HEIGHT="29" CONTENT="blasirten" SUBS_TYPE="HypPart2" SUBS_CONTENT="Pseudoblasirten" WC="0.77" CC="750070000"/>
						<SP ID="P23_SP00333" HPOS="1435" VPOS="1683" WIDTH="40"/>
						<String ID="P23_ST00402" HPOS="1475" VPOS="1653" WIDTH="123" HEIGHT="39" CONTENT="bringen" WC="1.00" CC="7000000"/>
						<SP ID="P23_SP00334" HPOS="1598" VPOS="1692" WIDTH="38"/>
						<String ID="P23_ST00403" HPOS="1636" VPOS="1657" WIDTH="133" HEIGHT="31" CONTENT="müssen," WC="1.00" CC="0010004"/>
						<SP ID="P23_SP00335" HPOS="1769" VPOS="1692" WIDTH="34"/>
						<String ID="P23_ST00404" HPOS="1803" VPOS="1654" WIDTH="95" HEIGHT="30" CONTENT="damit" WC="1.00" CC="00000"/>
						<SP ID="P23_SP00336" HPOS="1898" VPOS="1692" WIDTH="35"/>
						<String ID="P23_ST00405" HPOS="1933" VPOS="1657" WIDTH="41" HEIGHT="26" CONTENT="sie" WC="1.00" CC="000"/>
					</TextLine>
					<TextLine ID="P23_TL00071" HPOS="1295" VPOS="1693" WIDTH="542" HEIGHT="30">
						<String ID="P23_ST00406" HPOS="1295" VPOS="1693" WIDTH="87" HEIGHT="30" CONTENT="selbst" WC="1.00" CC="004000"/>
						<SP ID="P23_SP00337" HPOS="1382" VPOS="1723" WIDTH="22"/>
						<String ID="P23_ST00407" HPOS="1404" VPOS="1704" WIDTH="52" HEIGHT="19" CONTENT="zur" WC="1.00" CC="000"/>
						<SP ID="P23_SP00338" HPOS="1456" VPOS="1723" WIDTH="20"/>
						<String ID="P23_ST00408" HPOS="1476" VPOS="1694" WIDTH="103" HEIGHT="29" CONTENT="Kunst" WC="1.00" CC="00000"/>
						<SP ID="P23_SP00339" HPOS="1579" VPOS="1723" WIDTH="22"/>
						<String ID="P23_ST00409" HPOS="1601" VPOS="1696" WIDTH="102" HEIGHT="27" CONTENT="weiter" WC="1.00" CC="000000"/>
						<SP ID="P23_SP00340" HPOS="1703" VPOS="1723" WIDTH="21"/>
						<String ID="P23_ST00410" HPOS="1724" VPOS="1693" WIDTH="113" HEIGHT="30" CONTENT="finden*" WC="1.00" CC="0000000"/>
					</TextLine>
					<TextLine ID="P23_TL00072" HPOS="1354" VPOS="1732" WIDTH="620" HEIGHT="31">
						<String ID="P23_ST00411" HPOS="1354" VPOS="1732" WIDTH="64" HEIGHT="30" CONTENT="Wir" WC="1.00" CC="000"/>
						<SP ID="P23_SP00341" HPOS="1418" VPOS="1762" WIDTH="22"/>
						<String ID="P23_ST00412" HPOS="1440" VPOS="1735" WIDTH="120" HEIGHT="27" CONTENT="müssen" WC="1.00" CC="000000"/>
						<SP ID="P23_SP00342" HPOS="1560" VPOS="1762" WIDTH="21"/>
						<String ID="P23_ST00413" HPOS="1581" VPOS="1736" WIDTH="40" HEIGHT="26" CONTENT="sie" WC="1.00" CC="000"/>
						<SP ID="P23_SP00343" HPOS="1621" VPOS="1762" WIDTH="22"/>
						<String ID="P23_ST00414" HPOS="1643" VPOS="1743" WIDTH="70" HEIGHT="20" CONTENT="zum" WC="1.00" CC="000"/>
						<SP ID="P23_SP00344" HPOS="1713" VPOS="1763" WIDTH="23"/>
						<String ID="P23_ST00415" HPOS="1736" VPOS="1738" WIDTH="96" HEIGHT="24" CONTENT="ersten" WC="1.00" CC="000000"/>
						<SP ID="P23_SP00345" HPOS="1832" VPOS="1763" WIDTH="23"/>
						<String ID="P23_ST00416" HPOS="1855" VPOS="1733" WIDTH="53" HEIGHT="28" CONTENT="auf" WC="1.00" CC="000"/>
						<SP ID="P23_SP00346" HPOS="1908" VPOS="1763" WIDTH="21"/>
						<String ID="P23_ST00417" HPOS="1929" VPOS="1732" WIDTH="45" HEIGHT="28" CONTENT="ihr" WC="0.96" CC="470"/>
					</TextLine>
					<TextLine ID="P23_TL00073" HPOS="1295" VPOS="1771" WIDTH="678" HEIGHT="38">
						<String ID="P23_ST00418" HPOS="1295" VPOS="1782" WIDTH="118" HEIGHT="27" CONTENT="eigenes" WC="1.00" CC="0000000"/>
						<SP ID="P23_SP00347" HPOS="1413" VPOS="1809" WIDTH="23"/>
						<String ID="P23_ST00419" HPOS="1436" VPOS="1772" WIDTH="114" HEIGHT="29" CONTENT="Gefühl" WC="1.00" CC="100003"/>
						<SP ID="P23_SP00348" HPOS="1550" VPOS="1809" WIDTH="22"/>
						<String ID="P23_ST00420" HPOS="1572" VPOS="1783" WIDTH="173" HEIGHT="18" CONTENT="verweisen*" WC="1.00" CC="0000000004"/>
						<SP ID="P23_SP00349" HPOS="1745" VPOS="1809" WIDTH="34"/>
						<String ID="P23_ST00421" HPOS="1779" VPOS="1772" WIDTH="59" HEIGHT="29" CONTENT="Wo" WC="1.00" CC="00"/>
						<SP ID="P23_SP00350" HPOS="1838" VPOS="1809" WIDTH="22"/>
						<String ID="P23_ST00422" HPOS="1860" VPOS="1771" WIDTH="53" HEIGHT="29" CONTENT="das" WC="1.00" CC="000"/>
						<SP ID="P23_SP00351" HPOS="1913" VPOS="1809" WIDTH="22"/>
						<String ID="P23_ST00423" HPOS="1935" VPOS="1782" WIDTH="38" HEIGHT="17" CONTENT="an" WC="1.00" CC="00"/>
					</TextLine>
					<TextLine ID="P23_TL00074" HPOS="1296" VPOS="1811" WIDTH="678" HEIGHT="37">
						<String ID="P23_ST00424" HPOS="1296" VPOS="1811" WIDTH="105" HEIGHT="37" CONTENT="irgend" WC="1.00" CC="000000"/>
						<SP ID="P23_SP00352" HPOS="1401" VPOS="1848" WIDTH="42"/>
						<String ID="P23_ST00425" HPOS="1443" VPOS="1814" WIDTH="80" HEIGHT="26" CONTENT="einer" WC="1.00" CC="00000"/>
						<SP ID="P23_SP00353" HPOS="1523" VPOS="1848" WIDTH="34"/>
						<String ID="P23_ST00426" HPOS="1557" VPOS="1811" WIDTH="238" HEIGHT="30" CONTENT="künstlerischen" WC="1.00" CC="50001400800000"/>
						<SP ID="P23_SP00354" HPOS="1795" VPOS="1848" WIDTH="35"/>
						<String ID="P23_ST00427" HPOS="1830" VPOS="1811" WIDTH="144" HEIGHT="34" CONTENT="Leistung" WC="1.00" CC="00000000"/>
					</TextLine>
					<TextLine ID="P23_TL00075" HPOS="1295" VPOS="1849" WIDTH="677" HEIGHT="35">
						<String ID="P23_ST00428" HPOS="1295" VPOS="1853" WIDTH="80" HEIGHT="27" CONTENT="seine" WC="1.00" CC="00000"/>
						<SP ID="P23_SP00355" HPOS="1375" VPOS="1880" WIDTH="14"/>
						<String ID="P23_ST00429" HPOS="1389" VPOS="1850" WIDTH="115" HEIGHT="30" CONTENT="Freude" WC="1.00" CC="000000"/>
						<SP ID="P23_SP00356" HPOS="1504" VPOS="1880" WIDTH="15"/>
						<String ID="P23_ST00430" HPOS="1519" VPOS="1851" WIDTH="65" HEIGHT="33" CONTENT="hat," WC="0.99" CC="0004"/>
						<SP ID="P23_SP00357" HPOS="1584" VPOS="1884" WIDTH="16"/>
						<String ID="P23_ST00431" HPOS="1600" VPOS="1853" WIDTH="36" HEIGHT="27" CONTENT="ist" WC="1.00" CC="000"/>
						<SP ID="P23_SP00358" HPOS="1636" VPOS="1884" WIDTH="15"/>
						<String ID="P23_ST00432" HPOS="1651" VPOS="1853" WIDTH="80" HEIGHT="27" CONTENT="seine" WC="0.99" CC="20800"/>
						<SP ID="P23_SP00359" HPOS="1731" VPOS="1884" WIDTH="13"/>
						<String ID="P23_ST00433" HPOS="1744" VPOS="1850" WIDTH="112" HEIGHT="28" CONTENT="Kunst*" WC="1.00" CC="000004"/>
						<SP ID="P23_SP00360" HPOS="1856" VPOS="1884" WIDTH="16"/>
						<String ID="P23_ST00434" HPOS="1872" VPOS="1849" WIDTH="100" HEIGHT="29" CONTENT="Wenn" WC="1.00" CC="0000"/>
					</TextLine>
					<TextLine ID="P23_TL00076" HPOS="1296" VPOS="1888" WIDTH="678" HEIGHT="35">
						<String ID="P23_ST00435" HPOS="1296" VPOS="1892" WIDTH="40" HEIGHT="27" CONTENT="sie" WC="1.00" CC="000"/>
						<SP ID="P23_SP00361" HPOS="1336" VPOS="1919" WIDTH="22"/>
						<String ID="P23_ST00436" HPOS="1358" VPOS="1890" WIDTH="61" HEIGHT="29" CONTENT="sich" WC="1.00" CC="0000"/>
						<SP ID="P23_SP00362" HPOS="1419" VPOS="1919" WIDTH="16"/>
						<String ID="P23_ST00437" HPOS="1435" VPOS="1889" WIDTH="108" HEIGHT="30" CONTENT="darauf" WC="1.00" CC="000004"/>
						<SP ID="P23_SP00363" HPOS="1543" VPOS="1919" WIDTH="14"/>
						<String ID="P23_ST00438" HPOS="1557" VPOS="1890" WIDTH="161" HEIGHT="33" CONTENT="verlassen," WC="1.00" CC="0007000004"/>
						<SP ID="P23_SP00364" HPOS="1718" VPOS="1923" WIDTH="23"/>
						<String ID="P23_ST00439" HPOS="1741" VPOS="1888" WIDTH="233" HEIGHT="29" CONTENT="unbekümmert" WC="1.00" CC="00704000000"/>
					</TextLine>
					<TextLine ID="P23_TL00077" HPOS="1296" VPOS="1927" WIDTH="677" HEIGHT="39">
						<String ID="P23_ST00440" HPOS="1296" VPOS="1940" WIDTH="52" HEIGHT="18" CONTENT="um" WC="1.00" CC="00"/>
						<SP ID="P23_SP00365" HPOS="1348" VPOS="1958" WIDTH="22"/>
						<String ID="P23_ST00441" HPOS="1370" VPOS="1928" WIDTH="46" HEIGHT="30" CONTENT="die" WC="1.00" CC="000"/>
						<SP ID="P23_SP00366" HPOS="1416" VPOS="1958" WIDTH="15"/>
						<String ID="P23_ST00442" HPOS="1431" VPOS="1934" WIDTH="94" HEIGHT="32" CONTENT="guten" WC="1.00" CC="00000"/>
						<SP ID="P23_SP00367" HPOS="1525" VPOS="1966" WIDTH="15"/>
						<String ID="P23_ST00443" HPOS="1540" VPOS="1929" WIDTH="116" HEIGHT="29" CONTENT="Lehren" WC="0.99" CC="007000"/>
						<SP ID="P23_SP00368" HPOS="1656" VPOS="1966" WIDTH="16"/>
						<String ID="P23_ST00444" HPOS="1672" VPOS="1928" WIDTH="50" HEIGHT="29" CONTENT="der" WC="1.00" CC="000"/>
						<SP ID="P23_SP00369" HPOS="1722" VPOS="1966" WIDTH="15"/>
						<String ID="P23_ST00445" HPOS="1737" VPOS="1927" WIDTH="141" HEIGHT="34" CONTENT="anderen," WC="1.00" CC="00000000"/>
						<SP ID="P23_SP00370" HPOS="1878" VPOS="1966" WIDTH="22"/>
						<String ID="P23_ST00446" HPOS="1900" VPOS="1937" WIDTH="55" HEIGHT="18" CONTENT="wer" SUBS_TYPE="HypPart1" SUBS_CONTENT="werden" WC="0.99" CC="000"/>
						<HYP HPOS="1955" VPOS="1937" WIDTH="18" CONTENT="-"/>
					</TextLine>
					<TextLine ID="P23_TL00078" HPOS="1296" VPOS="1966" WIDTH="677" HEIGHT="31">
						<String ID="P23_ST00447" HPOS="1296" VPOS="1968" WIDTH="58" HEIGHT="29" CONTENT="den" SUBS_TYPE="HypPart2" SUBS_CONTENT="werden" WC="1.00" CC="000"/>
						<SP ID="P23_SP00371" HPOS="1354" VPOS="1997" WIDTH="22"/>
						<String ID="P23_ST00448" HPOS="1376" VPOS="1970" WIDTH="40" HEIGHT="27" CONTENT="sie" WC="0.94" CC="087"/>
						<SP ID="P23_SP00372" HPOS="1416" VPOS="1997" WIDTH="22"/>
						<String ID="P23_ST00449" HPOS="1438" VPOS="1979" WIDTH="60" HEIGHT="18" CONTENT="von" WC="1.00" CC="000"/>
						<SP ID="P23_SP00373" HPOS="1498" VPOS="1997" WIDTH="22"/>
						<String ID="P23_ST00450" HPOS="1520" VPOS="1967" WIDTH="88" HEIGHT="30" CONTENT="selbst" WC="0.99" CC="006700"/>
						<SP ID="P23_SP00374" HPOS="1608" VPOS="1997" WIDTH="22"/>
						<String ID="P23_ST00451" HPOS="1630" VPOS="1978" WIDTH="37" HEIGHT="19" CONTENT="zu" WC="1.00" CC="00"/>
						<SP ID="P23_SP00375" HPOS="1667" VPOS="1997" WIDTH="22"/>
						<String ID="P23_ST00452" HPOS="1689" VPOS="1969" WIDTH="150" HEIGHT="27" CONTENT="weiterem" WC="1.00" CC="00000000"/>
						<SP ID="P23_SP00376" HPOS="1839" VPOS="1997" WIDTH="16"/>
						<String ID="P23_ST00453" HPOS="1855" VPOS="1966" WIDTH="118" HEIGHT="28" CONTENT="Genuss" WC="1.00" CC="000000"/>
					</TextLine>
					<TextLine ID="P23_TL00079" HPOS="1297" VPOS="2004" WIDTH="676" HEIGHT="33">
						<String ID="P23_ST00454" HPOS="1297" VPOS="2007" WIDTH="61" HEIGHT="29" CONTENT="und" WC="1.00" CC="000"/>
						<SP ID="P23_SP00377" HPOS="1358" VPOS="2036" WIDTH="22"/>
						<String ID="P23_ST00455" HPOS="1380" VPOS="2017" WIDTH="37" HEIGHT="20" CONTENT="zu" WC="1.00" CC="00"/>
						<SP ID="P23_SP00378" HPOS="1417" VPOS="2037" WIDTH="22"/>
						<String ID="P23_ST00456" HPOS="1439" VPOS="2009" WIDTH="80" HEIGHT="27" CONTENT="einer" WC="1.00" CC="00000"/>
						<SP ID="P23_SP00379" HPOS="1519" VPOS="2037" WIDTH="22"/>
						<String ID="P23_ST00457" HPOS="1541" VPOS="2006" WIDTH="149" HEIGHT="29" CONTENT="Auswahl" WC="1.00" CC="0000005"/>
						<SP ID="P23_SP00380" HPOS="1690" VPOS="2037" WIDTH="22"/>
						<String ID="P23_ST00458" HPOS="1712" VPOS="2006" WIDTH="155" HEIGHT="28" CONTENT="kommen*" WC="1.00" CC="5000000"/>
						<SP ID="P23_SP00381" HPOS="1867" VPOS="2037" WIDTH="43"/>
						<String ID="P23_ST00459" HPOS="1910" VPOS="2004" WIDTH="63" HEIGHT="29" CONTENT="Wir" WC="1.00" CC="000"/>
					</TextLine>
					<TextLine ID="P23_TL00080" HPOS="1296" VPOS="2044" WIDTH="676" HEIGHT="37">
						<String ID="P23_ST00460" HPOS="1296" VPOS="2047" WIDTH="76" HEIGHT="29" CONTENT="thun" WC="1.00" CC="0000"/>
						<SP ID="P23_SP00382" HPOS="1372" VPOS="2076" WIDTH="16"/>
						<String ID="P23_ST00461" HPOS="1388" VPOS="2049" WIDTH="28" HEIGHT="32" CONTENT="ja" WC="0.65" CC="70"/>
						<SP ID="P23_SP00383" HPOS="1416" VPOS="2081" WIDTH="14"/>
						<String ID="P23_ST00462" HPOS="1430" VPOS="2046" WIDTH="78" HEIGHT="29" CONTENT="auch" WC="1.00" CC="0000"/>
						<SP ID="P23_SP00384" HPOS="1508" VPOS="2081" WIDTH="16"/>
						<String ID="P23_ST00463" HPOS="1524" VPOS="2045" WIDTH="97" HEIGHT="29" CONTENT="nichts" WC="1.00" CC="000000"/>
						<SP ID="P23_SP00385" HPOS="1621" VPOS="2081" WIDTH="15"/>
						<String ID="P23_ST00464" HPOS="1636" VPOS="2044" WIDTH="104" HEIGHT="35" CONTENT="daran," WC="1.00" CC="000000"/>
						<SP ID="P23_SP00386" HPOS="1740" VPOS="2081" WIDTH="16"/>
						<String ID="P23_ST00465" HPOS="1756" VPOS="2044" WIDTH="103" HEIGHT="37" CONTENT="irgend" WC="1.00" CC="000600"/>
						<SP ID="P23_SP00387" HPOS="1859" VPOS="2081" WIDTH="16"/>
						<String ID="P23_ST00466" HPOS="1875" VPOS="2046" WIDTH="97" HEIGHT="27" CONTENT="einem" WC="1.00" CC="00000"/>
					</TextLine>
				</TextBlock>
			</PrintSpace>
		</Page>
	</Layout>
</alto>
