2935 3048
1793 2197 84 69 23

568 563 107 29 Gesetz
696 562 50 29 des
762 562 236 35 Ricochetirens,
1020 574 63 17 nun
1102 563 79 28 nach
1197 563 50 29 der

567 606 305 31 entgegengesetzten
886 602 158 36 Richtung
1060 601 102 29 dreht?
1182 602 64 28 Hat

567 650 71 18 man
665 639 78 28 denn
770 640 138 29 wirklich
930 641 58 28 alle
1010 641 236 35 Consequenzen

567 677 50 29 des
652 678 304 30 wissenschaftlichen
992 679 181 30 Nihilismus
1208 690 37 19 zu

566 716 85 29 Ende
672 716 130 36 gedacht
823 717 72 29 oder
916 718 54 28 hat
988 729 72 18 man
1075 718 62 29 sich
1152 718 93 29 daran

566 766 55 17 nur
641 755 88 36 fertig
748 755 143 37 gelitten?
919 756 71 28 Und
1010 757 147 28 erwachte
1173 768 71 17 man

566 793 81 29 dann
658 796 79 27 eines
749 794 146 37 Morgens
905 805 53 18 aus
971 794 155 35 dumpfem
1142 795 103 29 Schlaf

566 832 61 29 und
656 833 147 29 vernahm
828 836 41 26 im
894 834 234 28 träumerischen
1153 834 73 29 Zwit-

565 872 104 29 schern
700 872 51 29 der
779 873 100 36 Vögel
913 872 46 30 die
991 873 70 29 leise
1092 873 152 29 tröstliche

566 911 125 29 Stimme
712 911 50 30 der
784 912 178 37 Hoffnung,
984 911 61 30 und
1066 917 85 32 sagte
1172 923 72 18 man

565 950 73 35 sich,
659 950 67 30 dass
748 961 71 19 man
840 954 29 33 ja
890 951 78 30 doch
983 952 102 28 LEBE
1101 951 61 29 und
1178 951 66 29 dass

566 989 46 30 die
642 990 81 30 Welt
757 991 80 29 noch
867 994 75 34 grün
974 991 61 29 und
1065 991 46 29 die
1143 991 100 29 Sonne

566 1029 128 37 golden?
737 1030 77 29 Dass
848 1030 47 30 die
929 1033 101 27 innere
1065 1030 178 30 Gewissheit

566 1069 78 30 auch
669 1072 65 27 eine
757 1070 179 29 Gewissheit
957 1070 61 29 und
1041 1069 47 30 die
1109 1069 116 30 mensch-

566 1109 76 29 liche
656 1110 136 28 Realität
807 1109 46 29 die
865 1112 117 34 einzige
994 1110 101 28 wahre
1106 1109 58 29 sei?
1179 1110 64 28 Hat

566 1159 72 18 man
648 1148 48 29 für
707 1148 54 30 das
773 1149 132 29 Denken
920 1149 62 29 und
994 1149 143 29 Handeln
1149 1148 94 29 damit

566 1190 66 27 eine
646 1198 79 19 neue
742 1187 176 37 Grundlage
938 1199 169 26 gewonnen
1123 1187 70 30 oder
1208 1190 35 26 ist

566 1237 30 19 es
612 1238 56 18 nur
683 1229 48 27 ein
745 1227 116 29 starker
873 1227 305 34 Willensentschluss,
1193 1226 50 29 der

566 1276 56 19 uns
643 1266 47 29 die
711 1266 170 29 Rückkehr
902 1276 53 20 zur
975 1266 186 29 Gesundheit
1182 1265 61 30 und

568 1315 70 20 zum
658 1305 135 35 tapferen
814 1305 94 29 Muth
930 1306 162 36 erzwingt?

625 1345 88 28 Eines
738 1344 62 29 und
823 1344 52 30 das
899 1345 131 29 Andere*
1072 1343 172 30 Ausserlich

566 1386 37 27 ist
632 1384 98 29 nichts
760 1384 178 36 geschehen*
989 1384 84 29 Aber
1100 1383 144 29 innerlich

566 1434 51 17 um
638 1434 32 18 so
692 1423 95 29 mehr*
828 1423 66 29 Wir
918 1423 100 29 haben
1039 1426 30 26 in
1091 1433 55 19 uns
1167 1433 77 18 neue

566 1462 213 35 Kraftquellen
801 1462 152 30 entdeckt*
988 1463 65 29 Wir
1074 1461 65 29 sind
1160 1461 85 29 tiefer

566 1504 30 26 in
632 1513 56 17 uns
719 1502 250 36 hinabgestiegen
1001 1500 62 30 und
1094 1502 53 27 wir
1179 1499 65 29 sind

564 1541 112 28 reicher
691 1540 62 29 und
768 1541 116 29 stärker
899 1539 253 38 zurückgekehrt*
1184 1538 61 28 Wir

564 1579 100 30 haben
687 1579 87 30 dabei
795 1591 77 18 neue
887 1579 113 29 Führer
1021 1578 161 37 gefunden,
1198 1577 46 28 die

565 1629 55 18 uns
645 1618 131 35 lehrten,
805 1618 46 29 die
877 1618 80 30 Welt
982 1629 39 19 zu
1045 1617 144 32 nehmen,
1211 1626 32 18 so

564 1660 57 26 wie
643 1661 41 26 sie
705 1660 47 31 ist,
773 1669 55 18 vor
843 1658 104 29 keiner
962 1657 106 29 harten
1085 1654 159 30 Wahrheit

563 1697 296 33 zurückzuscheuen,
879 1696 129 30 sondern
1030 1695 52 29 auf
1096 1697 41 26 sie
1152 1693 91 29 allein

563 1746 62 18 von
650 1747 64 17 nun
740 1747 39 17 an
805 1746 87 18 unser
914 1735 98 29 Leben
1037 1745 37 19 zu
1097 1732 146 38 gründen*

565 1774 100 29 Wenn
687 1777 53 26 wir
760 1786 57 17 nur
831 1775 118 33 wollen,
964 1773 120 29 werden
1099 1774 52 27 wir
1165 1772 78 29 auch

564 1813 112 29 diesem
686 1813 99 29 Leben
799 1817 47 25 ein
860 1813 167 29 Göttliches
1044 1811 199 37 abgewinnen

563 1852 62 28 und
654 1855 30 26 in
710 1853 64 28 ihm
801 1855 65 26 eine
892 1861 77 20 neue
991 1852 168 28 Harmonie
1180 1856 51 24 ent
1233 1864 9 8 a

563 1889 127 30 decken.
740 1891 64 29 Wir
833 1902 108 26 wagen
971 1901 29 18 es
1029 1889 122 34 wieder,
1182 1901 61 17 von

563 1928 100 30 Glück
685 1939 38 20 zu
744 1930 152 35 sprechen,
915 1930 82 29 nicht
1011 1929 44 29 als
1070 1939 62 19 von
1146 1931 96 27 einem

562 1967 247 35 Ausnahmsfall,
839 1969 129 29 sondern
998 1969 43 28 als
1070 1979 61 18 von
1162 1970 80 27 einer

563 2006 122 29 Pflicht.
727 2007 60 29 Der
814 2008 134 30 einzelne
969 2007 128 29 Mensch
1118 2007 55 29 hat
1194 2007 48 29 die

562 2045 128 35 Pflicht,
721 2046 151 37 glücklich
902 2057 37 19 zu
965 2049 73 27 sein*
1080 2046 162 30 Nietzsche

561 2088 31 27 in
613 2088 96 28 seiner
730 2085 151 30 schroffen
896 2086 109 29 Grösse
1019 2085 55 30 hat
1088 2086 43 30 als
1146 2086 96 30 Erster

561 2137 56 19 uns
638 2125 80 31 diese
733 2125 235 38 Verpflichtung
984 2126 53 29 auf
1038 2126 103 37 erlegt*
1165 2126 77 30 Nun

1329 564 70 29 thut
1421 576 29 17 es
1473 568 49 26 ein
1537 566 146 34 Anderer,
1703 577 53 18 aus
1771 569 97 27 einem
1883 568 130 30 anderen

1330 602 236 36 Temperament
1592 606 124 32 heraus,
1746 606 53 28 auf
1825 606 109 29 andere
1960 608 34 28 Er-

1329 641 172 36 fahrungen
1523 643 64 33 hin,
1609 644 114 34 milder,
1739 644 273 38 liebenswürdiger,

1329 679 319 36 einschmeichelnder,
1688 686 127 34 gütiger*
1876 685 38 28 Er
1948 690 48 24 ent-

1328 717 152 37 schuldigt
1502 719 78 33 sich,
1601 720 67 29 dass
1691 732 30 18 er
1742 734 30 17 es
1793 723 79 34 thut,
1894 723 66 29 dass
1982 735 30 18 er

1328 756 61 28 sich
1424 759 54 25 mit
1514 757 68 28 dem
1608 758 164 31 Einzelnen
1807 762 62 29 und
1899 765 112 27 seinem

1329 795 99 28 Glück
1455 794 119 31 befasst*
1617 797 90 29 Denn
1733 810 29 17 er
1788 804 84 25 weiss
1898 812 44 23 es,
1965 802 46 29 die

1328 833 104 30 Zeiten
1454 834 64 29 sind
1540 845 31 18 so
1593 835 80 34 hart,
1694 836 67 29 dass
1783 838 46 29 die
1849 839 161 31 Mehrzahl

1328 872 50 29 der
1399 873 206 35 Menschheit,
1630 877 70 26 weit
1725 876 130 30 entfernt
1880 878 46 28 bei
1952 879 57 29 den

1328 914 126 27 inneren
1477 913 157 30 Genüssen
1655 913 62 30 und
1739 914 57 30 den
1817 915 103 34 tiefen,
1941 917 69 28 aber

1328 951 113 30 schwer
1462 953 164 30 erreichten
1640 952 196 39 Tröstungen
1851 955 159 29 verweilen

1327 1000 37 19 zu
1390 991 140 35 können,
1551 992 48 30 die
1620 992 50 30 der
1690 993 174 38 befriedigte
1886 994 123 30 Denker

1328 1030 227 35 werthschätzt,
1590 1032 67 29 dass
1692 1032 45 30 die
1764 1033 160 30 Mehrzahl
1959 1033 50 30 der

1327 1068 192 31 Menschheit
1540 1071 84 30 nicht
1646 1072 112 30 einmal
1779 1072 46 30 die
1844 1073 166 30 Sicherheit

1327 1107 61 28 und
1408 1107 47 29 die
1471 1109 103 30 Müsse
1590 1110 64 35 hat,
1670 1111 46 30 die
1731 1112 111 29 Leiden
1857 1113 62 29 und
1934 1113 57 29 Ver-

1327 1146 202 38 zweiflungen
1565 1149 51 29 des
1645 1151 114 29 Lebens
1795 1151 43 30 bis
1870 1152 53 29 auf
1952 1152 57 30 den

1328 1185 105 29 Grund
1446 1187 214 31 auszukosten.
1677 1190 63 29 Das
1750 1191 260 37 Nächstliegende

1328 1224 46 29 für
1396 1224 56 29 den
1469 1226 223 32 Erkennenden
1712 1233 80 26 wäre
1814 1241 30 18 es
1859 1232 150 28 vielleicht

1328 1274 53 18 vor
1391 1264 91 28 allem
1491 1274 38 20 zu
1541 1266 182 37 HELFEN,
1734 1269 275 38 Krankenpfleger,

1328 1302 288 38 Almosenspender,
1655 1307 175 31 Seelenrath
1868 1309 50 29 der
1953 1310 38 29 Be-

1327 1341 129 35 trübten,
1473 1342 85 36 Arzt,
1575 1345 140 30 Arbeiter
1730 1347 70 30 oder
1815 1354 83 24 sonst
1916 1354 93 24 etwas
