2944 3048
1066 2162 73 61 12

914 627 34 21 er
965 613 117 35 breitet
1103 613 102 42 ruhig
1228 616 91 31 seine
1333 612 167 37 Wurzeln
1516 626 73 28 aus,

913 660 69 34 und
1011 664 49 30 sie
1089 660 202 33 umrahmen
1316 660 64 33 den
1406 660 93 42 Gott,
1532 660 57 36 der

913 707 111 34 hinter
1047 707 64 33 den
1131 706 135 42 Dingen
1291 709 53 38 ist,
1370 707 85 41 dort,
1476 721 57 22 wo
1554 721 34 22 es

913 765 88 30 ganz
1026 765 111 22 warm
1161 752 70 35 und
1257 753 124 35 dunkel
1407 755 98 35 wird.

983 800 143 39 Darum,
1151 799 77 35 weil
1255 799 52 36 die
1328 801 168 35 Künstler
1521 803 68 33 viel

912 849 118 32 weiter
1049 849 34 31 in
1100 845 52 35 die
1165 846 142 36 Wärme
1325 848 81 34 alles
1421 848 169 34 Werdens

914 892 255 42 hinabreichen,
1218 898 129 38 steigen
1387 894 203 35 ANDERE

915 940 93 35 Säfte
1041 943 35 32 in
1107 940 104 35 ihnen
1245 952 43 24 zu
1322 941 64 33 den
1417 941 173 34 Früchten

913 986 68 36 auf.
1032 987 56 34 Sie
1117 986 75 35 sind
1223 986 56 33 der
1308 989 137 30 weitere
1474 986 97 34 Kreis-

914 1034 85 40 lauf,
1028 1036 36 31 ln
1093 1033 119 34 dessen
1236 1032 101 33 Bahn
1363 1035 117 31 immer
1506 1046 84 22 neue

914 1080 130 33 Wesen
1065 1079 73 34 sich
1158 1078 168 42 einfügen.
1365 1078 56 34 Sie
1442 1079 75 34 sind
1540 1079 51 35 die

914 1126 182 41 Einzigen,
1138 1124 53 34 die
1228 1124 242 35 Geständnisse
1507 1126 86 34 thun

1678 616 146 40 können,
1849 627 57 22 wo
1931 614 51 34 die
2004 613 160 35 Anderen
2186 613 168 35 verhüllte
2410 607 2 54 j

1678 662 135 42 Fragen
1834 661 122 33 haben.
1994 660 171 34 Niemand
2187 660 93 34 kann
2302 660 52 34 die

1678 709 158 34 Grenzen
1860 707 91 34 ihres
1978 706 98 35 Seins
2102 706 178 36 erkennen.

1748 754 75 34 Den
1890 753 243 34 unmessbaren
2192 754 163 33 Brunnen

1677 801 135 35 möchte
1841 814 80 21 man
1949 803 48 31 sie
2026 800 226 42 vergleichen.
2302 800 53 33 Da

1678 848 118 34 stehen
1827 848 52 33 die
1904 848 120 33 Zeiten
2053 859 44 22 an
2121 846 109 34 ihrem
2255 846 99 34 Rand

1678 894 69 34 und
1771 894 130 35 werfen
1926 894 53 33 ihr
2004 893 137 34 Urtheil
2167 892 69 34 und
2263 892 70 34 Wis-

1678 954 61 21 sen
1757 944 67 31 wie
1846 941 115 33 Steine
1986 943 35 30 in
2047 940 52 33 die
2125 939 231 34 unerforschte
2410 934 3 46 j

1678 986 101 35 Tiefe
1812 986 69 33 und
1915 986 172 33 lauschen.
2145 986 63 33 Die
2243 986 114 33 Steine
2412 986 1 43 j

1679 1034 104 33 fallen
1805 1036 118 30 immer
1944 1031 89 33 noch
2059 1035 62 30 seit
2139 1031 199 42 Jahrtausen-

1681 1079 74 34 den.
1817 1079 112 33 Keine
1964 1079 74 32 Zeit
2076 1077 58 34 hat
2169 1077 88 34 noch
2295 1078 62 33 den

1681 1124 122 36 Grund
1828 1124 133 43 gehört.

1489 1245 298 44 Schmargendorf.

1362 1368 186 37 RAINER
1574 1369 163 36 MARIA
1764 1368 155 34 RILKE.
