2935 3048
1825 2162 72 71 25

587 567 177 31 Nützliches
793 575 37 20 zu
855 565 130 29 werden*
1026 564 82 29 Aber
1134 563 75 36 gäbe
1236 574 28 17 es

585 604 95 33 nicht
680 604 173 33 Menschen,
860 604 168 29 dieunnütz
1035 602 229 32 SCHEINEN,

585 655 32 18 so
649 642 123 30 würden
803 643 83 28 nicht
917 642 167 29 Menschen
1115 642 149 31 existiren,

585 683 47 28 die
657 681 215 29 unbestreitbar
897 681 135 29 nützlich
1057 680 77 29 sind*
1179 679 85 28 Alles

585 721 90 33 Gute,
690 731 63 18 was
768 731 52 17 um
835 731 55 17 uns
906 719 162 36 geschieht,
1080 718 102 29 wurde
1197 728 51 18 vor-

584 760 52 28 her
658 762 41 26 im
722 759 84 28 Geist
828 761 78 26 eines
928 760 78 32 jener
1025 757 166 29 Menschen
1215 767 33 25 ge-

585 798 100 34 boren,
707 797 47 29 die
773 796 152 30 vielleicht
941 799 64 26 eine
1021 794 243 37 nächstliegende

584 837 112 29 Pflicht
718 839 201 30 versäumten,
941 846 52 18 um
1011 833 252 34 nachzudenken,

584 888 52 18 um
657 879 30 26 in
702 876 61 29 sich
778 875 89 30 selbst
881 885 38 20 zu
934 874 95 34 leben,
1045 884 51 19 um
1112 883 37 20 zu
1164 872 99 29 reden*

585 916 112 29 Ausser
726 916 112 33 denen,
868 914 112 29 welche
1006 913 46 29 die
1077 912 111 29 Pflicht
1213 911 50 29 der

585 957 246 36 gegenwärtigen
845 953 116 31 Stunde
982 952 135 34 erfüllen,
1139 961 79 19 muss
1234 961 29 18 es

584 995 101 30 solche
715 994 109 38 geben,
854 993 47 30 die
931 1004 38 18 an
1002 992 47 30 die
1077 991 112 29 Pflicht
1215 989 49 30 der

584 1035 146 29 nächsten
753 1033 114 31 Stunde
892 1033 130 29 denken*
1064 1032 38 28 Es
1124 1033 36 27 ist
1181 1029 83 29 nicht

585 1077 104 27 immer
711 1074 52 29 das
784 1073 155 33 Weiseste,
961 1072 61 29 sich
1043 1082 56 18 nur
1121 1072 54 26 mit
1196 1068 67 29 dem

584 1113 267 37 „Dringendsten“
873 1110 184 38 abzugeben*
1097 1108 167 36 Wichtiger

585 1156 37 27 ist
643 1164 40 23 es,
700 1152 98 37 gleich
813 1152 52 29 das
879 1151 178 34 „Höchste“
1073 1149 123 29 suchen*
1225 1147 38 28 Es

585 1196 36 26 ist
642 1193 45 28 oft
709 1197 64 31 gut,
795 1190 53 30 das
867 1190 199 29 Gedächtniss
1088 1188 87 29 dafür
1196 1197 51 18 aus-

586 1231 183 34 zuschalten,
783 1230 67 29 dass
864 1229 46 29 die
921 1228 193 30 Menschheit
1125 1228 138 27 inmitten

586 1274 79 26 einer
687 1281 121 26 grossen
829 1268 270 37 Ungerechtigkeit
1119 1265 61 30 lebt
1201 1264 62 29 und

585 1321 38 19 zu
644 1310 46 29 ihr
711 1320 32 18 so
765 1319 38 20 zu
823 1307 102 34 reden,
946 1308 42 29 als
1003 1305 128 30 befände
1146 1307 41 26 sie
1201 1303 62 29 sich

586 1361 49 17 am
651 1348 163 31 Vorabend
837 1350 78 26 eines
934 1357 122 27 grossen
1072 1344 114 30 Glücks
1201 1342 61 30 und

586 1392 79 26 einer
695 1398 121 27 grossen
847 1386 188 30 Gewissheit*
1077 1385 37 28 Es
1143 1386 37 25 ist
1209 1387 54 32 gut

585 1439 38 19 zu
644 1427 140 37 glauben,
799 1426 67 29 dass
881 1428 47 27 ein
943 1427 99 34 wenig
1058 1423 83 29 mehr
1156 1421 85 30 Nach-

585 1467 135 34 denken,
756 1468 48 27 ein
837 1467 100 34 wenig
967 1463 84 29 mehr
1080 1461 107 32 Muth,
1216 1462 47 26 ein

585 1508 99 35 wenig
718 1505 84 29 mehr
833 1504 103 33 Liebe,
971 1505 47 26 ein
1049 1502 99 34 wenig
1179 1498 83 29 mehr

585 1546 147 36 Neugier,
755 1547 47 26 ein
820 1546 98 33 wenig
934 1541 84 29 mehr
1033 1540 77 29 Eifer
1126 1549 36 19 zu
1177 1537 85 29 leben

584 1596 55 17 uns
661 1587 81 26 eines
756 1582 103 37 Tages
881 1582 46 28 die
942 1580 124 29 Pforten
1080 1588 53 20 zur
1148 1575 114 30 Freude

584 1623 62 29 und
676 1633 51 20 zur
753 1621 160 30 Wahrheit
942 1619 105 30 öffnen
1076 1616 106 30 werde*
1224 1616 38 27 Es

583 1666 36 25 ist
640 1662 52 29 das
712 1661 85 29 nicht
818 1656 298 33 unwahrscheinlich*
1152 1654 91 35 Jeden-

583 1701 67 29 falls
679 1703 36 26 ist
743 1700 84 29 nicht
855 1698 139 33 strafbar,
1025 1708 29 17 es
1081 1693 117 38 gehofft
1223 1703 37 20 zu

582 1740 110 29 haben*
721 1739 70 29 Und
813 1750 29 17 es
860 1741 36 26 ist
911 1734 206 36 nothwendig,
1133 1732 60 30 sich
1209 1732 53 28 auf

583 1779 79 29 diese
685 1789 99 25 grosse
799 1777 115 29 Stunde
933 1774 236 31 vorzubereiten*
1197 1771 64 29 Wir

581 1818 125 29 können
737 1828 126 25 morgen
892 1815 92 29 schon
1013 1817 41 25 im
1083 1813 98 27 Besitz
1211 1809 50 30 der

581 1856 118 28 Formel
713 1859 72 30 sein,
801 1856 47 28 die
863 1856 80 27 allen
959 1853 46 29 die
1015 1850 159 31 Wahrheit
1189 1849 72 29 über

581 1894 58 29 Art
660 1894 63 29 und
738 1894 112 29 Zweck
872 1893 50 29 des
937 1891 137 31 Weltalls
1096 1889 82 37 giebt
1198 1889 61 28 und

580 1933 94 29 damit
718 1933 47 29 die
806 1933 118 28 Formel
968 1931 49 29 des
1060 1930 199 36 allgemeinen

580 1972 124 28 Glücks*
745 1972 50 28 Bis
824 1974 53 25 wir
902 1971 70 28 aber
998 1972 31 27 in
1055 1968 92 29 dieser
1172 1978 70 19 uner-

580 2010 229 31 schütterlichen
825 2009 167 36 objectiven
1005 2007 159 31 Wahrheit
1174 2006 86 29 leben

580 2052 138 31 können,
740 2051 120 27 müssen
881 2051 54 26 wir
956 2051 30 26 in
1008 2058 119 19 unserer
1149 2046 95 36 subjec-

580 2094 83 27 tiven
678 2088 160 31 Wahrheit
859 2088 96 34 leben,
978 2090 30 26 in
1024 2087 50 29 der
1089 2085 170 35 Wahrheit,

1353 565 55 26 wie
1430 574 54 17 wir
1505 574 40 17 sie
1567 563 163 28 erkennen*
1766 560 63 29 Wir
1851 560 126 29 können
1993 571 40 18 sie

1352 601 84 28 nicht
1466 606 70 23 weit
1565 601 61 28 und
1651 600 80 29 hoch
1757 610 102 26 genug;
1886 599 148 36 gestalten

1353 639 62 28 und
1445 649 53 18 wir
1529 639 125 29 können
1686 650 48 17 nie
1761 649 101 26 genug
1886 637 149 34 trachten,

1353 688 105 17 unsere
1483 688 102 17 innere
1607 678 175 33 Wahrheit,
1807 677 67 33 das,
1895 687 62 18 was
1979 687 56 18 uns

1352 716 94 28 schön
1471 715 62 28 und
1560 721 54 30 gut
1640 716 160 34 erscheint,
1826 718 53 26 mit
1900 716 135 29 Realität

1352 764 37 20 zu
1424 754 136 28 erfüllen*
1601 754 65 28 Wir
1695 754 100 29 haben
1825 755 71 28 kein
1925 754 110 34 Recht,

1352 804 105 18 unsere
1477 795 124 26 inneren
1623 792 214 37 Forderungen
1859 804 38 19 zu
1919 793 50 29 der
1991 796 29 25 in-

1350 834 96 26 timen
1461 831 160 29 Wahrheit
1643 830 50 29 des
1709 831 139 28 Weltalls
1867 835 31 25 in
1913 832 101 36 Gegen-

1351 876 63 25 satz
1449 881 39 20 zu
1517 870 117 33 stellen;
1670 869 50 29 der
1751 868 93 30 Theil
1875 870 66 28 darf
1971 870 63 29 sich

1351 910 84 29 nicht
1457 920 169 24 anmassen,
1648 909 53 29 das
1720 909 106 29 Ganze
1846 908 187 29 beurtheilen

1351 949 63 29 und
1435 950 170 29 verbessern
1626 958 39 21 zu
1685 948 136 29 können*
1857 947 56 29 Oft
1931 947 101 29 haben

1351 991 52 26 wir
1425 1000 54 18 aus
1498 1000 120 18 unserer
1632 987 172 37 Erfahrung
1819 985 136 31 Träume
1970 986 62 29 und

1351 1027 154 30 Wünsche
1522 1028 167 36 geschöpft,
1701 1027 47 29 die
1759 1038 62 18 von
1833 1026 50 29 der
1897 1025 136 30 Realität

1351 1066 143 37 bestätigt
1507 1067 134 35 wurden,
1657 1078 100 26 grosse
1771 1066 90 30 Ideen
1872 1065 50 29 der
1934 1064 98 35 Liebe,

1351 1105 50 29 der
1417 1105 175 35 Schönheit,
1607 1106 51 29 der
1673 1106 238 36 Gerechtigkeit*
1933 1105 100 29 Wenn

1351 1144 70 30 aber
1441 1147 31 26 in
1487 1156 121 18 unserer
1623 1146 164 29 Phantasie
1803 1144 153 30 Wünsche
1971 1144 62 29 und

1351 1183 98 29 Ideale
1465 1184 167 35 entstehen,
1647 1185 62 28 und
1724 1188 101 26 wären
1841 1196 30 17 es
1886 1184 46 29 die
1946 1186 73 27 tröst-

1350 1223 135 33 lichsten,
1495 1223 251 35 umfassendsten,
1756 1223 111 30 welche
1879 1224 46 29 die
1938 1223 95 29 Probe

1351 1262 50 28 der
1422 1262 229 35 Wirklichkeit,
1676 1263 52 29 das
1754 1263 104 34 heisst,
1883 1263 50 29 der
1959 1274 56 17 ano-

1350 1312 115 24 nymen
1503 1301 62 29 und
1604 1305 199 32 mysteriösen
1836 1302 108 29 Macht
1983 1301 50 30 des

1351 1339 114 30 Lebens
1486 1340 83 30 nicht
1585 1342 168 33 aushalten,
1769 1353 32 17 so
1817 1341 140 30 bedeutet
1973 1341 60 29 dies

1350 1390 70 23 nur,
1455 1379 67 30 dass
1557 1391 105 18 unsere
1695 1380 101 30 Ideale
1827 1381 110 29 andere
1972 1383 61 26 sein

1350 1421 134 31 müssen,
1509 1419 85 30 nicht
1619 1419 66 29 dass
1710 1422 41 26 sie
1776 1431 132 25 weniger
1929 1420 104 33 schön,

1350 1457 188 35 umfassend,
1563 1458 135 30 tröstlich
1724 1461 62 27 sein
1812 1459 130 29 werden*
1984 1459 48 28 Bis

1351 1496 79 29 diese
1446 1497 216 29 Wirklichkeit
1683 1498 62 28 sich
1764 1498 161 34 offenbart,
1946 1500 37 27 ist
2003 1509 30 18 es

1350 1536 153 29 vielleicht
1524 1536 138 34 heilsam,
1681 1539 47 27 ein
1748 1537 81 29 Ideal
1849 1547 37 20 zu
1905 1537 127 33 nähren,

1350 1574 52 29 das
1423 1585 72 18 man
1517 1575 126 29 schöner
1668 1577 105 28 wähnt
1799 1577 43 28 als
1864 1576 47 29 die
1932 1576 80 29 Wirk-

1350 1614 139 33 lichkeit;
1512 1614 69 29 aber
1601 1615 55 29 hat
1671 1615 78 29 diese
1765 1616 63 29 sich
1842 1615 111 29 einmal
1969 1621 48 23 ent-

1349 1653 92 34 hüllt,
1472 1665 32 17 so
1534 1656 37 27 ist
1597 1665 29 18 es
1651 1654 212 37 nothwendig,
1892 1654 67 29 dass
1985 1654 47 29 die

1349 1692 96 30 ideale
1459 1693 147 34 Flamme,
1617 1704 32 18 so
1661 1696 53 26 wir
1726 1697 54 26 mit
1791 1704 126 18 unseren
1930 1693 102 29 besten

1350 1732 174 29 Wünschen
1541 1733 138 36 genährt,
1696 1744 58 18 nur
1769 1733 84 29 mehr
1868 1732 96 33 diene,
1980 1743 52 17 um

1349 1771 82 35 loyal
1470 1771 48 30 die
1556 1771 117 30 minder
1707 1772 227 37 gebrechlichen
1969 1770 62 29 und

1348 1811 116 29 minder
1491 1812 161 36 gefälligen
1674 1811 203 29 Schönheiten
1904 1809 51 29 der
1976 1812 36 26 im-

1349 1855 148 29 posanten
1511 1851 102 28 Masse
1634 1861 38 19 zu
1694 1850 188 32 beleuchten,
1897 1848 47 29 die
1964 1850 65 33 jene

1348 1889 155 29 Wünsche
1532 1889 168 30 zerdrückt*
1742 1889 48 28 Bis
1822 1888 92 29 dahin
1939 1890 36 26 ist
2000 1898 30 17 es

1348 1928 85 29 nicht
1454 1928 171 34 unerlaubt,
1647 1928 70 29 alles
1739 1938 37 20 zu
1798 1927 88 33 thun,
1908 1937 52 18 um
1982 1925 47 30 die

1348 1966 164 34 Vernunft,
1533 1967 48 29 die
1597 1967 239 36 Gerechtigkeit,
1850 1965 47 29 die
1913 1965 96 29 Schön-

1347 2006 63 29 heit
1432 2005 50 30 der
1504 2005 92 34 Erde,
1623 2008 256 33 gewissermassen
1901 2003 58 29 den
1980 2005 32 28 In-

1347 2045 94 29 stinkt
1463 2056 119 18 unseres
1604 2047 126 34 eigenen
1745 2044 148 28 Planeten
1910 2053 39 20 zu
1964 2055 49 17 ver-

1348 2085 127 29 bessern*
1511 2084 38 29 Es
1571 2083 156 38 geschieht
1748 2085 41 26 im
1807 2083 170 29 Vertrauen
1999 2086 30 26 in
