2951 3048
1097 2156 96 61 2

1731 1141 336 41 HERKUNFT.

1431 1217 89 43 Sage
1542 1225 64 28 mir
1623 1226 102 31 einer,
1745 1231 70 21 von
1834 1231 89 21 wem
1942 1220 53 33 ich
2014 1222 157 33 stamme!

1429 1264 116 34 Meine
1562 1266 133 34 Scheite
1714 1266 118 33 lodern
1851 1270 35 28 in
1903 1266 203 36 EIGENER
2127 1269 163 40 Flamme,

1426 1312 75 32 Aus
1511 1312 189 34 MEINEM
1711 1313 99 33 Forst
1825 1312 76 33 sind
1913 1313 52 33 die
1976 1314 151 34 Stämme
2141 1317 216 43 geschlagen,

1426 1357 119 34 MEIN
1563 1358 120 34 Boden
1702 1359 58 33 hat
1777 1362 93 29 seine
1887 1359 133 33 Bäume
2036 1368 170 35 getragen.

1426 1402 80 34 Und
1525 1405 53 32 ich
1596 1410 104 29 weise
1718 1405 98 41 jeden
1833 1417 71 21 von
1922 1410 135 29 meinen
2075 1407 168 40 Grenzen,

1426 1449 102 33 Käm'
1547 1463 34 21 er
1599 1452 48 33 als
1667 1452 150 33 Gaukler
1840 1456 59 29 mit
1918 1452 183 42 Sprüngen
2122 1455 70 33 und
2211 1454 144 37 Tänzen

1428 1495 93 34 Oder
1539 1497 48 33 als
1606 1499 182 41 punischer
1805 1498 362 45 Hammerschwinger

1427 1540 94 35 Oder
1539 1544 47 33 als
1605 1545 286 34 salböltriefender
1909 1546 137 41 Ringer.

1428 1587 54 34 Ich
1501 1588 79 35 hab'
1596 1603 43 20 an
1659 1591 63 34 den
1738 1592 177 33 Stämmen
1930 1596 90 28 mein
2033 1592 274 42 Eignerzeichen,

1427 1634 56 33 Sie
1501 1635 99 34 fallen
1619 1645 96 26 unter
1733 1639 181 33 MEINER
1933 1637 98 42 Tage
2049 1639 185 34 Streichen.

1424 1679 78 34 Und
1522 1694 102 22 wenn
1643 1689 49 28 sie
1709 1685 90 33 mich
1818 1685 123 33 einmal
1959 1689 46 28 im
2024 1685 99 34 Sturz
2141 1687 210 41 erschlagen:

1424 1726 62 34 Die
1503 1728 187 35 Nachbarn
1707 1735 46 29 im
1768 1732 93 33 Geist
1880 1731 137 34 werden
2036 1731 87 33 nach
2142 1738 63 27 mir
2223 1733 128 41 fragen.

1424 1772 51 33 Zu
1494 1773 105 35 ihnen
1617 1776 115 35 bahnt’
1751 1778 53 33 ich
1822 1778 162 43 gehsame
2001 1778 118 41 Wege,

1423 1817 90 35 Über
1532 1821 228 36 schäumende
1777 1825 121 33 Flüsse
1916 1824 120 42 schlug
2053 1824 54 33 ich
2125 1825 99 41 Stege

1428 1864 78 34 Und
1526 1871 44 28 im
1588 1868 302 43 Königsschmuck
1909 1875 127 30 meiner
2053 1871 245 34 Dichterbürde

1424 1910 110 44 Neigt’
1554 1914 53 34 ich
1626 1916 89 33 mich
1733 1917 126 35 ehrend
1878 1918 57 34 der
1953 1918 122 33 älteren
2094 1916 141 35 Würde.

1414 2010 38 26 v
1797 1988 212 34 RICHARD
2036 1988 269 34 SCHAUKAL.
2368 1958 6 63 I
