2944 3048
1803 2166 72 71 31

563 545 125 32 scheint,
710 553 80 18 muss
812 542 140 29 dennoch
974 552 136 19 unserem
1133 541 110 29 Wesen

564 584 58 28 viel
652 582 83 28 mehr
765 584 117 33 gemäss
908 584 62 26 sein
998 582 42 28 als
1066 580 47 29 die
1140 580 103 29 besten

564 622 136 32 Gesetze,
723 620 45 28 die
790 622 53 26 wir
864 620 135 29 erfinden
1022 620 135 28 können*
1186 619 58 29 Die

563 661 104 28 Zeiten
696 659 65 28 sind
792 659 251 29 wahrscheinlich
1072 659 94 33 nahe,
1195 669 48 18 wo

563 699 50 29 der
635 698 128 29 Mensch
784 698 101 28 lernen
908 709 94 22 muss,
1024 698 53 28 das
1100 698 144 28 Centrum

562 741 94 26 seines
667 737 114 30 Stolzes
796 737 63 28 und
874 739 94 26 seiner
978 736 135 29 Freuden
1124 736 119 29 anders-

562 777 103 29 wohin
693 786 39 20 zu
761 776 142 35 pflanzen
933 776 41 28 als
999 778 31 25 in
1056 775 62 28 sich
1143 775 99 28 selbst*

563 815 156 30 Während
754 826 105 18 unsere
889 814 112 37 Augen
1037 814 61 29 sich
1128 814 115 33 öffnen,

562 856 106 29 fühlen
698 858 53 26 wir
782 855 84 29 mehr
895 854 61 29 und
983 853 85 29 mehr
1097 864 55 18 uns
1182 864 60 17 von

563 898 81 26 einer
677 906 142 18 enormen
852 893 92 30 Kraft
976 892 171 30 beherrscht
1181 892 61 29 und

563 934 217 33 überschattet;
815 933 77 30 doch
925 935 53 27 wir
1014 932 148 29 erwerben
1193 942 49 19 zu-

563 974 98 37 gleich
692 976 104 27 immer
821 973 84 29 mehr
930 972 62 30 und
1018 972 83 29 mehr
1127 971 46 29 die
1199 973 43 26 in-

563 1017 71 26 time
657 1013 192 34 Gewissheit,
875 1012 66 30 dass
966 1014 53 26 wir
1044 1011 88 29 selbst
1157 1013 86 27 einen

563 1053 92 30 Theil
676 1053 93 30 dieser
784 1052 92 30 Kraft
897 1051 198 34 ausmachen;
1116 1050 62 30 und
1197 1060 46 19 so-

564 1104 54 26 gar
642 1104 88 19 wenn
751 1095 41 27 sie
814 1103 55 18 uns
891 1091 131 37 schlägt,
1044 1091 125 28 können
1191 1092 52 26 wir

563 1135 41 27 sie
625 1132 195 34 bewundern,
839 1134 56 27 wie
909 1129 169 31 Telemach
1093 1129 53 30 das
1161 1128 83 30 Kind

564 1172 47 29 die
646 1172 91 29 Kraft
772 1171 50 30 des
853 1170 183 30 väterlichen
1071 1169 90 29 Arms
1196 1167 48 30 be-

563 1211 186 30 wunderte.“
783 1211 38 28 Es
842 1209 80 38 giebt
936 1209 168 33 Momente,
1119 1219 47 18 wo
1182 1207 63 34 das,

563 1262 62 18 was
653 1261 57 19 uns
737 1250 128 37 besiegt,
893 1260 56 18 uns
974 1248 94 30 schon
1092 1248 95 29 näher
1207 1256 38 20 zu

564 1290 148 29 berühren
733 1289 125 33 scheint,
881 1289 43 28 als
939 1287 50 30 der
1005 1286 91 31 Theil
1111 1298 62 18 von
1188 1297 55 17 uns

563 1329 104 34 selbst,
698 1328 126 30 welcher
855 1328 171 36 unterliegt*
1076 1326 90 29 Wäre
1198 1324 45 30 die

564 1369 104 30 Natur
694 1367 115 30 minder
831 1367 128 35 achtlos,
985 1369 41 27 sie
1047 1366 120 29 schiene
1188 1375 55 18 uns

563 1408 85 30 nicht
657 1419 32 18 so
700 1408 152 36 gewaltig*
871 1408 78 27 Dass
959 1409 41 26 sie
1010 1408 147 27 zerstören
1168 1403 76 34 darf,

563 1459 62 18 was
654 1458 56 18 uns
736 1446 160 30 werthvoll
923 1446 68 36 gilt,
1024 1444 65 29 dass
1115 1446 39 26 sie
1179 1454 64 17 ver-

563 1486 179 30 schwenden
756 1497 82 25 mag,
851 1496 62 18 was
927 1496 55 17 uns

563 1525 208 34 unersetzlich,
807 1524 80 37 giebt
927 1535 55 17 uns

564 1565 52 29 das
644 1565 85 28 Mass
763 1564 76 29 ihrer
874 1564 108 28 Grösse

563 1604 61 29 und
660 1604 77 28 ihres
771 1602 211 30 Reichthums*

563 1644 78 28 Dass
671 1645 53 27 wir
749 1642 48 29 für
822 1653 42 18 sie
885 1641 97 29 nichts

563 1682 158 34 bedeuten,
742 1681 103 29 macht
866 1692 40 18 sie
927 1691 55 18 uns

562 1733 32 17 so
617 1720 181 31 bedeutend-
828 1720 70 29 Und
921 1730 62 18 was

562 1772 53 17 wir
636 1763 30 26 in
688 1760 47 29 ihr
756 1760 154 33 verlieren,
933 1770 33 25 ge-

562 1802 120 27 winnen
703 1801 53 26 wir
775 1802 30 25 in
823 1799 59 33 ihr;
904 1797 78 30 denn

563 1849 61 17 was
639 1841 53 26 wir
706 1838 194 33 bewundern,
910 1836 72 30 wird

563 1880 257 33 gewissermassen
831 1880 48 26 ein
891 1876 91 29 Theil

562 1927 62 17 von
650 1927 56 18 uns
732 1916 101 33 selbst,
866 1916 62 29 und
956 1917 27 32 je

563 1957 115 33 grösser
723 1965 30 18 es
802 1958 51 29 ist,
900 1954 82 29 desto

563 1996 113 34 grösser
715 1993 47 29 die
801 1993 97 34 Seele,
936 1993 46 29 die

563 2045 32 18 so
621 2032 216 37 Ungeheueres
866 2043 38 19 zu
933 2032 33 29 be-

562 2073 117 30 hausen
700 2082 136 26 vermag*

1392 544 74 29 Eine
1482 545 93 30 kurze
1588 545 107 30 Skizze
1711 545 97 36 gleich
1824 545 94 29 dieser
1929 546 86 29 kann

1332 593 56 17 nur
1404 582 47 29 die
1465 584 178 37 Gesinnung
1659 584 61 29 und
1736 583 57 30 den
1807 585 113 28 Umriss
1936 588 79 26 eines

1332 620 117 29 Buches
1471 622 217 36 wiedergeben,
1711 623 52 29 das
1784 634 52 18 um
1855 634 33 18 so
1902 625 113 28 reicher

1331 662 47 30 ist,
1390 659 43 28 als
1449 670 30 18 es
1496 660 51 29 der
1557 662 96 28 festen
1666 662 188 35 Systematik
1867 663 148 29 entbehrt*

1332 698 38 28 Es
1399 700 37 26 ist
1464 699 84 28 nicht
1578 701 232 29 unanfechtbar*
1856 702 77 29 Dass
1963 706 52 25 wir

1331 735 91 30 selbst
1443 748 87 17 unser
1547 737 156 30 Schicksal
1722 741 66 28 sind
1804 741 62 28 und
1882 742 132 28 insofern

1331 775 80 28 auch
1433 786 120 18 unseres
1570 776 169 30 Schicksals
1754 779 128 34 Herren,
1897 783 36 26 ist
1948 784 65 25 eine

1332 814 175 34 Wahrheit;
1519 814 77 30 doch
1607 815 65 29 sind
1682 819 53 25 wir
1745 818 140 29 wirklich
1898 819 116 29 Herren

1331 864 121 19 unseres
1465 853 114 30 Selbst?
1601 855 39 28 Ist
1656 866 87 18 unser
1759 856 52 28 Ich
1826 857 84 29 nicht
1924 858 90 29 selbst

1331 892 94 30 schon
1452 896 47 26 ein
1521 893 174 30 Schicksal?
1727 895 40 28 Ist
1793 906 29 17 es
1848 907 56 17 uns
1929 897 85 29 nicht

1331 933 228 29 anerschaffen?
1580 933 52 29 Ich
1647 933 61 29 will
1723 934 84 29 nicht
1822 933 46 30 die
1883 937 130 35 müssige

1331 971 96 37 Frage
1449 972 80 29 nach
1551 972 50 30 der
1623 973 129 29 Freiheit
1774 973 49 29 des
1845 974 168 29 Menschen

1331 1010 54 28 auf
1386 1012 127 33 werfen;
1539 1023 29 18 es
1594 1012 85 29 kann
1700 1013 61 29 sich
1783 1016 31 26 in
1836 1013 50 29 der
1908 1014 105 29 Praxis

1331 1049 78 29 doch
1435 1061 57 18 nur
1519 1051 107 29 darum
1652 1052 149 34 handeln,
1827 1052 38 30 ob
1887 1056 52 26 wir
1966 1054 46 29 die

1332 1088 120 35 Kräfte,
1474 1089 47 29 die
1547 1093 30 26 in
1600 1102 56 18 uns
1679 1092 108 37 liegen,
1809 1093 54 28 frei
1884 1093 129 30 machen

1331 1128 135 34 können,
1487 1132 40 26 sie
1546 1129 55 29 frei
1624 1141 37 19 zu
1675 1131 151 31 benutzen
1846 1133 167 29 verstehen*

1333 1167 102 29 Allein
1481 1170 30 26 in
1553 1170 146 29 welchem
1739 1172 85 29 Mass
1864 1175 54 26 wir
1962 1173 53 29 das

1332 1207 134 33 können,
1485 1207 99 37 hängt
1604 1210 86 29 nicht
1705 1221 79 26 ganz
1799 1223 62 17 von
1876 1223 138 18 unserem

1333 1245 111 30 Willen
1475 1245 48 30 ab*
1573 1248 38 28 Es
1640 1251 37 27 ist
1706 1250 86 29 nicht
1820 1261 32 19 so
1884 1252 130 33 einfach,

1333 1287 47 27 ein
1403 1284 113 30 Weiser
1538 1296 37 19 zu
1601 1290 62 27 sein
1693 1289 43 29 als
1762 1290 201 29 Maeterlinck
1985 1302 29 18 es

1333 1326 103 27 meint*
1459 1325 89 29 Zwar
1563 1328 222 30 unterscheidet
1797 1341 30 17 er
1843 1330 111 29 Grade*
1976 1331 38 28 Es

1334 1363 80 37 giebt
1436 1375 61 17 von
1520 1364 51 29 der
1589 1367 198 30 instinktiven
1804 1368 148 30 Weisheit
1972 1369 43 29 bis

1333 1412 37 20 zu
1393 1402 50 30 der
1464 1404 63 28 voll
1549 1403 169 32 bewussten
1738 1407 132 30 zahllose
1893 1409 121 33 Stufen;

1333 1441 106 36 jedoch
1453 1442 47 30 die
1512 1445 189 34 instinktive,
1720 1448 36 27 ist
1770 1449 42 26 sie
1828 1448 85 29 nicht
1930 1448 84 29 mehr

1590 1484 80 29 noch
1697 1485 43 29 als
1766 1485 48 30 die
1836 1487 179 36 ausgereifte

1591 1526 48 25 ein
1662 1524 239 31 vorbestimmtes
1920 1526 95 30 Werk

1591 1561 51 30 der
1654 1563 121 30 Natur?
1844 1565 83 29 Aber
1940 1566 60 28 viel-

1590 1602 91 29 leicht
1693 1603 105 29 WILL
1813 1605 202 29 Maeterlinck

1591 1640 62 30 dies
1664 1642 70 29 alles
1745 1654 170 26 vergessen-
1931 1645 67 28 Viel-

1590 1681 89 30 leicht
1695 1685 36 26 ist
1746 1693 29 18 es
1788 1688 65 31 gut,
1865 1683 67 29 dass
1944 1684 70 28 alles

1591 1720 62 29 dies
1702 1722 111 28 einmal
1855 1733 158 25 vergessen

1590 1760 84 29 wird.
1727 1761 38 28 Es
1795 1764 37 26 ist
1855 1761 139 29 nothwen-

1591 1799 61 37 dig,
1671 1799 67 29 dass
1757 1800 57 29 alle
1832 1800 109 29 Kräfte
1963 1800 50 29 des

1590 1838 167 30 Menschen
1772 1838 109 30 wieder
1900 1840 113 28 einmal

1590 1878 182 36 aufgerufen
1787 1877 129 30 werden*
1940 1878 72 29 Und

1590 1917 151 29 vielleicht
1751 1917 54 29 hat
1811 1917 202 29 Maeterlinck

1589 1956 92 33 recht,
1696 1968 89 17 wenn
1798 1967 29 18 er
1836 1956 108 29 vorher
1955 1957 58 29 alle

1590 1995 216 37 Hemmungen
1819 1995 193 30 ausschaltet*

1611 2074 141 29 MARIE
1777 2075 233 29 HERZFELD*
