<?xml version="1.0" encoding="UTF-8"?>
<alto xmlns:xsi="http://www.w3.org/2001/XMLSchema-instance" xmlns="http://www.loc.gov/standards/alto/ns-v2#" xsi:schemaLocation="http://www.loc.gov/standards/alto/ns-v2# http://www.loc.gov/standards/alto/v2/alto-2-0.xsd" xmlns:xlink="http://www.w3.org/1999/xlink">
	<Description>
		<MeasurementUnit>mm10</MeasurementUnit>
		<sourceImageInformation>
			<fileName>//fileserver7/IN2/Princeton-Blue Mountain/bmtnabf/issues/1899/01/00000016.tif</fileName>
		</sourceImageInformation>
		<OCRProcessing ID="OCRPROCESSING_1">
			<preProcessingStep>
				<processingSoftware>
					<softwareCreator>CCS Content Conversion Specialists GmbH, Hamburg, Germany</softwareCreator>
					<softwareName>CCS docWorks</softwareName>
					<softwareVersion>7.0-1.52</softwareVersion>
				</processingSoftware>
			</preProcessingStep>
			<ocrProcessingStep>
				<processingSoftware>
					<softwareCreator>ABBYY (BIT Software), Russia</softwareCreator>
					<softwareName>FineReader</softwareName>
					<softwareVersion>11.0</softwareVersion>
				</processingSoftware>
			</ocrProcessingStep>
			<postProcessingStep>
				<processingSoftware>
					<softwareCreator>CCS Content Conversion Specialists GmbH, Hamburg, Germany</softwareCreator>
					<softwareName>CCS docWorks</softwareName>
					<softwareVersion>7.0-1.52</softwareVersion>
					<applicationDescription>docWorks: Text modified manually, or automatically replaced</applicationDescription>
				</processingSoftware>
			</postProcessingStep>
		</OCRProcessing>
	</Description>
	<Styles>
		<TextStyle ID="TXT_0" FONTSIZE="8" FONTFAMILY="swe.GoudyBookletter1911Bold"/>
		<TextStyle ID="TXT_1" FONTSIZE="25" FONTFAMILY="Courier New"/>
		<TextStyle ID="TXT_2" FONTSIZE="13" FONTFAMILY="Times New Roman"/>
		<TextStyle ID="TXT_3" FONTSIZE="8" FONTFAMILY="Times New Roman"/>
		<ParagraphStyle ID="PAR_LEFT" ALIGN="Left"/>
		<ParagraphStyle ID="PAR_RIGHT" ALIGN="Right"/>
		<ParagraphStyle ID="PAR_BLOCK" ALIGN="Block"/>
	</Styles>
	<Layout>
		<Page ID="P16" PHYSICAL_IMG_NR="16" HEIGHT="3048" WIDTH="2930" PRINTED_IMG_NR="10" PC="0.978">
			<TopMargin ID="P16_TM00001" HPOS="0" VPOS="0" WIDTH="2930" HEIGHT="61"/>
			<LeftMargin ID="P16_LM00001" HPOS="0" VPOS="61" WIDTH="18" HEIGHT="2084"/>
			<RightMargin ID="P16_RM00001" HPOS="2927" VPOS="61" WIDTH="3" HEIGHT="2084"/>
			<BottomMargin ID="P16_BM00001" HPOS="0" VPOS="2145" WIDTH="2930" HEIGHT="903">
				<TextBlock ID="P16_TB00001" HPOS="1046" VPOS="2146" WIDTH="75" HEIGHT="77" STYLEREFS="TXT_0 PAR_LEFT">
					<TextLine ID="P16_TL00001" HPOS="1046" VPOS="2146" WIDTH="75" HEIGHT="77" CS="1">
						<String ID="P16_ST00001" HPOS="1046" VPOS="2146" WIDTH="75" HEIGHT="77" CONTENT="10" WC="0.98" CC="00"/>
					</TextLine>
				</TextBlock>
			</BottomMargin>
			<PrintSpace ID="P16_PS00001" HPOS="18" VPOS="61" WIDTH="2909" HEIGHT="2084">
				<TextBlock ID="P16_TB00002" HPOS="915" VPOS="538" WIDTH="636" HEIGHT="58" STYLEREFS="TXT_1 PAR_LEFT">
					<TextLine ID="P16_TL00002" HPOS="918" VPOS="539" WIDTH="633" HEIGHT="57">
						<String ID="P16_ST00002" HPOS="918" VPOS="542" WIDTH="294" HEIGHT="54" CONTENT="VEBER" WC="0.96" CC="10000"/>
						<SP ID="P16_SP00001" HPOS="1212" VPOS="596" WIDTH="39"/>
						<String ID="P16_ST00003" HPOS="1251" VPOS="539" WIDTH="300" HEIGHT="56" CONTENT="KVNST." WC="0.86" CC="012040"/>
					</TextLine>
				</TextBlock>
				<TextBlock ID="P16_TB00003" HPOS="895" VPOS="648" WIDTH="689" HEIGHT="1425" STYLEREFS="TXT_2 PAR_RIGHT">
					<TextLine ID="P16_TL00003" HPOS="897" VPOS="649" WIDTH="682" HEIGHT="104">
						<String ID="P16_ST00004" HPOS="897" VPOS="649" WIDTH="165" HEIGHT="104" CONTENT="Wenn" WC="0.97" CC="7500"/>
						<SP ID="P16_SP00002" HPOS="1062" VPOS="753" WIDTH="27"/>
						<String ID="P16_ST00005" HPOS="1089" VPOS="679" WIDTH="56" HEIGHT="35" CONTENT="ich" WC="1.00" CC="000"/>
						<SP ID="P16_SP00003" HPOS="1145" VPOS="753" WIDTH="40"/>
						<String ID="P16_ST00006" HPOS="1185" VPOS="678" WIDTH="52" HEIGHT="36" CONTENT="die" WC="1.00" CC="000"/>
						<SP ID="P16_SP00004" HPOS="1237" VPOS="753" WIDTH="33"/>
						<String ID="P16_ST00007" HPOS="1270" VPOS="679" WIDTH="116" HEIGHT="35" CONTENT="Kunst" WC="0.99" CC="30300"/>
						<SP ID="P16_SP00005" HPOS="1386" VPOS="753" WIDTH="37"/>
						<String ID="P16_ST00008" HPOS="1423" VPOS="680" WIDTH="50" HEIGHT="35" CONTENT="als" WC="0.98" CC="050"/>
						<SP ID="P16_SP00006" HPOS="1473" VPOS="753" WIDTH="34"/>
						<String ID="P16_ST00009" HPOS="1507" VPOS="685" WIDTH="72" HEIGHT="32" CONTENT="eine" WC="1.00" CC="0001"/>
					</TextLine>
					<TextLine ID="P16_TL00004" HPOS="1020" VPOS="725" WIDTH="559" HEIGHT="45">
						<String ID="P16_ST00010" HPOS="1020" VPOS="725" WIDTH="559" HEIGHT="45" CONTENT="Lebensanschauungbezeichne," WC="1.00" CC="00700000000000006063000050"/>
					</TextLine>
					<TextLine ID="P16_TL00005" HPOS="899" VPOS="772" WIDTH="680" HEIGHT="38">
						<String ID="P16_ST00011" HPOS="899" VPOS="776" WIDTH="112" HEIGHT="32" CONTENT="meine" WC="0.99" CC="03004"/>
						<SP ID="P16_SP00007" HPOS="1011" VPOS="808" WIDTH="17"/>
						<String ID="P16_ST00012" HPOS="1028" VPOS="772" WIDTH="54" HEIGHT="35" CONTENT="ich" WC="1.00" CC="000"/>
						<SP ID="P16_SP00008" HPOS="1082" VPOS="808" WIDTH="19"/>
						<String ID="P16_ST00013" HPOS="1101" VPOS="772" WIDTH="104" HEIGHT="35" CONTENT="damit" WC="0.99" CC="00060"/>
						<SP ID="P16_SP00009" HPOS="1205" VPOS="808" WIDTH="17"/>
						<String ID="P16_ST00014" HPOS="1222" VPOS="773" WIDTH="111" HEIGHT="35" CONTENT="nichts" WC="1.00" CC="000000"/>
						<SP ID="P16_SP00010" HPOS="1333" VPOS="808" WIDTH="19"/>
						<String ID="P16_ST00015" HPOS="1352" VPOS="775" WIDTH="227" HEIGHT="35" CONTENT="Ersonnenes." WC="0.99" CC="04100006303"/>
					</TextLine>
					<TextLine ID="P16_TL00006" HPOS="899" VPOS="819" WIDTH="680" HEIGHT="45">
						<String ID="P16_ST00016" HPOS="899" VPOS="819" WIDTH="358" HEIGHT="44" CONTENT="Lebensanschauung" WC="1.00" CC="0070000000006000"/>
						<SP ID="P16_SP00011" HPOS="1257" VPOS="863" WIDTH="20"/>
						<String ID="P16_ST00017" HPOS="1277" VPOS="821" WIDTH="73" HEIGHT="35" CONTENT="will" WC="0.96" CC="0665"/>
						<SP ID="P16_SP00012" HPOS="1350" VPOS="863" WIDTH="23"/>
						<String ID="P16_ST00018" HPOS="1373" VPOS="821" WIDTH="73" HEIGHT="36" CONTENT="hier" WC="0.99" CC="0005"/>
						<SP ID="P16_SP00013" HPOS="1446" VPOS="863" WIDTH="17"/>
						<String ID="P16_ST00019" HPOS="1463" VPOS="822" WIDTH="97" HEIGHT="42" CONTENT="aufge" SUBS_TYPE="HypPart1" SUBS_CONTENT="aufgefasst" WC="1.00" CC="00001"/>
						<HYP HPOS="1560" VPOS="822" WIDTH="19" CONTENT="-"/>
					</TextLine>
					<TextLine ID="P16_TL00007" HPOS="900" VPOS="866" WIDTH="679" HEIGHT="37">
						<String ID="P16_ST00020" HPOS="900" VPOS="866" WIDTH="83" HEIGHT="35" CONTENT="fasst" SUBS_TYPE="HypPart2" SUBS_CONTENT="aufgefasst" WC="1.00" CC="00400"/>
						<SP ID="P16_SP00014" HPOS="983" VPOS="901" WIDTH="18"/>
						<String ID="P16_ST00021" HPOS="1001" VPOS="869" WIDTH="73" HEIGHT="32" CONTENT="sein" WC="1.00" CC="0000"/>
						<SP ID="P16_SP00015" HPOS="1074" VPOS="901" WIDTH="13"/>
						<String ID="P16_ST00022" HPOS="1087" VPOS="869" WIDTH="34" HEIGHT="32" CONTENT="in" WC="0.69" CC="06"/>
						<SP ID="P16_SP00016" HPOS="1121" VPOS="901" WIDTH="15"/>
						<String ID="P16_ST00023" HPOS="1136" VPOS="867" WIDTH="75" HEIGHT="35" CONTENT="dem" WC="0.98" CC="040"/>
						<SP ID="P16_SP00017" HPOS="1211" VPOS="902" WIDTH="13"/>
						<String ID="P16_ST00024" HPOS="1224" VPOS="868" WIDTH="121" HEIGHT="34" CONTENT="Sinne:" WC="0.99" CC="000017"/>
						<SP ID="P16_SP00018" HPOS="1345" VPOS="902" WIDTH="16"/>
						<String ID="P16_ST00025" HPOS="1361" VPOS="868" WIDTH="65" HEIGHT="34" CONTENT="Art" WC="0.98" CC="040"/>
						<SP ID="P16_SP00019" HPOS="1426" VPOS="902" WIDTH="15"/>
						<String ID="P16_ST00026" HPOS="1441" VPOS="879" WIDTH="44" HEIGHT="24" CONTENT="zu" WC="0.62" CC="70"/>
						<SP ID="P16_SP00020" HPOS="1485" VPOS="903" WIDTH="9"/>
						<String ID="P16_ST00027" HPOS="1494" VPOS="872" WIDTH="85" HEIGHT="31" CONTENT="sein." WC="0.99" CC="00004"/>
					</TextLine>
					<TextLine ID="P16_TL00008" HPOS="900" VPOS="913" WIDTH="679" HEIGHT="36">
						<String ID="P16_ST00028" HPOS="900" VPOS="913" WIDTH="87" HEIGHT="35" CONTENT="Also" WC="0.99" CC="0300"/>
						<SP ID="P16_SP00021" HPOS="987" VPOS="948" WIDTH="10"/>
						<String ID="P16_ST00029" HPOS="997" VPOS="913" WIDTH="422" HEIGHT="36" CONTENT="keinSich-Beherrschen" WC="0.91" CC="00000000201003501030"/>
						<SP ID="P16_SP00022" HPOS="1419" VPOS="949" WIDTH="8"/>
						<String ID="P16_ST00030" HPOS="1427" VPOS="914" WIDTH="131" HEIGHT="35" CONTENT="und-Be" SUBS_TYPE="HypPart1" SUBS_CONTENT="und-Beschränken" WC="1.00" CC="000003"/>
						<HYP HPOS="1558" VPOS="914" WIDTH="21" CONTENT="-"/>
					</TextLine>
					<TextLine ID="P16_TL00009" HPOS="900" VPOS="960" WIDTH="679" HEIGHT="35">
						<String ID="P16_ST00031" HPOS="900" VPOS="960" WIDTH="192" HEIGHT="35" CONTENT="schränken" SUBS_TYPE="HypPart2" SUBS_CONTENT="und-Beschränken" WC="1.00" CC="000300010"/>
						<SP ID="P16_SP00023" HPOS="1092" VPOS="995" WIDTH="22"/>
						<String ID="P16_ST00032" HPOS="1114" VPOS="974" WIDTH="59" HEIGHT="21" CONTENT="um" WC="1.00" CC="00"/>
						<SP ID="P16_SP00024" HPOS="1173" VPOS="995" WIDTH="25"/>
						<String ID="P16_ST00033" HPOS="1198" VPOS="961" WIDTH="210" HEIGHT="34" CONTENT="bestimmter" WC="1.00" CC="7500000050"/>
						<SP ID="P16_SP00025" HPOS="1408" VPOS="995" WIDTH="23"/>
						<String ID="P16_ST00034" HPOS="1431" VPOS="961" WIDTH="148" HEIGHT="34" CONTENT="Zwecke" WC="1.00" CC="000005"/>
					</TextLine>
					<TextLine ID="P16_TL00010" HPOS="899" VPOS="1006" WIDTH="680" HEIGHT="42">
						<String ID="P16_ST00035" HPOS="899" VPOS="1007" WIDTH="128" HEIGHT="41" CONTENT="willen," WC="0.99" CC="0004004"/>
						<SP ID="P16_SP00026" HPOS="1027" VPOS="1048" WIDTH="22"/>
						<String ID="P16_ST00036" HPOS="1049" VPOS="1007" WIDTH="146" HEIGHT="35" CONTENT="sondern" WC="0.99" CC="0440460"/>
						<SP ID="P16_SP00027" HPOS="1195" VPOS="1048" WIDTH="21"/>
						<String ID="P16_ST00037" HPOS="1216" VPOS="1011" WIDTH="54" HEIGHT="29" CONTENT="ein" WC="0.99" CC="200"/>
						<SP ID="P16_SP00028" HPOS="1270" VPOS="1048" WIDTH="22"/>
						<String ID="P16_ST00038" HPOS="1292" VPOS="1006" WIDTH="170" HEIGHT="42" CONTENT="sorgloses" WC="0.99" CC="005060020"/>
						<SP ID="P16_SP00029" HPOS="1462" VPOS="1048" WIDTH="22"/>
						<String ID="P16_ST00039" HPOS="1484" VPOS="1006" WIDTH="95" HEIGHT="35" CONTENT="Sich-" WC="0.81" CC="00062"/>
					</TextLine>
					<TextLine ID="P16_TL00011" HPOS="900" VPOS="1053" WIDTH="679" HEIGHT="40">
						<String ID="P16_ST00040" HPOS="900" VPOS="1054" WIDTH="199" HEIGHT="39" CONTENT="Loslassen," WC="0.95" CC="0000000004"/>
						<SP ID="P16_SP00030" HPOS="1099" VPOS="1093" WIDTH="33"/>
						<String ID="P16_ST00041" HPOS="1132" VPOS="1057" WIDTH="47" HEIGHT="30" CONTENT="im" WC="1.00" CC="00"/>
						<SP ID="P16_SP00031" HPOS="1179" VPOS="1093" WIDTH="29"/>
						<String ID="P16_ST00042" HPOS="1208" VPOS="1053" WIDTH="194" HEIGHT="33" CONTENT="Vertrauen" WC="0.99" CC="005035040"/>
						<SP ID="P16_SP00032" HPOS="1402" VPOS="1093" WIDTH="32"/>
						<String ID="P16_ST00043" HPOS="1434" VPOS="1053" WIDTH="59" HEIGHT="33" CONTENT="auf" WC="1.00" CC="000"/>
						<SP ID="P16_SP00033" HPOS="1493" VPOS="1093" WIDTH="32"/>
						<String ID="P16_ST00044" HPOS="1525" VPOS="1057" WIDTH="54" HEIGHT="31" CONTENT="ein" WC="1.00" CC="000"/>
					</TextLine>
					<TextLine ID="P16_TL00012" HPOS="900" VPOS="1098" WIDTH="679" HEIGHT="41">
						<String ID="P16_ST00045" HPOS="900" VPOS="1100" WIDTH="149" HEIGHT="35" CONTENT="sicheres" WC="0.99" CC="05360400"/>
						<SP ID="P16_SP00034" HPOS="1049" VPOS="1135" WIDTH="17"/>
						<String ID="P16_ST00046" HPOS="1066" VPOS="1099" WIDTH="84" HEIGHT="34" CONTENT="Ziel." WC="0.98" CC="00354"/>
						<SP ID="P16_SP00035" HPOS="1150" VPOS="1135" WIDTH="36"/>
						<String ID="P16_ST00047" HPOS="1186" VPOS="1099" WIDTH="112" HEIGHT="34" CONTENT="Keine" WC="0.99" CC="20002"/>
						<SP ID="P16_SP00036" HPOS="1298" VPOS="1135" WIDTH="14"/>
						<String ID="P16_ST00048" HPOS="1312" VPOS="1098" WIDTH="173" HEIGHT="41" CONTENT="Vorsicht," WC="1.00" CC="005000004"/>
						<SP ID="P16_SP00037" HPOS="1485" VPOS="1139" WIDTH="18"/>
						<String ID="P16_ST00049" HPOS="1503" VPOS="1112" WIDTH="57" HEIGHT="22" CONTENT="son" SUBS_TYPE="HypPart1" SUBS_CONTENT="sondern" WC="1.00" CC="000"/>
						<HYP HPOS="1560" VPOS="1112" WIDTH="19" CONTENT="-"/>
					</TextLine>
					<TextLine ID="P16_TL00013" HPOS="901" VPOS="1144" WIDTH="678" HEIGHT="42">
						<String ID="P16_ST00050" HPOS="901" VPOS="1147" WIDTH="82" HEIGHT="34" CONTENT="dern" SUBS_TYPE="HypPart2" SUBS_CONTENT="sondern" WC="0.99" CC="0040"/>
						<SP ID="P16_SP00038" HPOS="983" VPOS="1181" WIDTH="18"/>
						<String ID="P16_ST00051" HPOS="1001" VPOS="1150" WIDTH="74" HEIGHT="30" CONTENT="eine" WC="1.00" CC="0000"/>
						<SP ID="P16_SP00039" HPOS="1075" VPOS="1181" WIDTH="15"/>
						<String ID="P16_ST00052" HPOS="1090" VPOS="1149" WIDTH="106" HEIGHT="30" CONTENT="weise" WC="1.00" CC="00000"/>
						<SP ID="P16_SP00040" HPOS="1196" VPOS="1181" WIDTH="19"/>
						<String ID="P16_ST00053" HPOS="1215" VPOS="1144" WIDTH="184" HEIGHT="42" CONTENT="Blindheit," WC="0.99" CC="0640003004"/>
						<SP ID="P16_SP00041" HPOS="1399" VPOS="1186" WIDTH="22"/>
						<String ID="P16_ST00054" HPOS="1421" VPOS="1145" WIDTH="53" HEIGHT="36" CONTENT="die" WC="1.00" CC="000"/>
						<SP ID="P16_SP00042" HPOS="1474" VPOS="1186" WIDTH="16"/>
						<String ID="P16_ST00055" HPOS="1490" VPOS="1146" WIDTH="89" HEIGHT="36" CONTENT="ohne" WC="0.99" CC="4000"/>
					</TextLine>
					<TextLine ID="P16_TL00014" HPOS="902" VPOS="1191" WIDTH="676" HEIGHT="46">
						<String ID="P16_ST00056" HPOS="902" VPOS="1192" WIDTH="131" HEIGHT="35" CONTENT="Furcht" WC="1.00" CC="006000"/>
						<SP ID="P16_SP00043" HPOS="1033" VPOS="1227" WIDTH="11"/>
						<String ID="P16_ST00057" HPOS="1044" VPOS="1195" WIDTH="110" HEIGHT="31" CONTENT="einem" WC="0.99" CC="50030"/>
						<SP ID="P16_SP00044" HPOS="1154" VPOS="1227" WIDTH="11"/>
						<String ID="P16_ST00058" HPOS="1165" VPOS="1191" WIDTH="184" HEIGHT="42" CONTENT="geliebten" WC="0.86" CC="004007010"/>
						<SP ID="P16_SP00045" HPOS="1349" VPOS="1233" WIDTH="0"/>
						<String ID="P16_ST00059" HPOS="1349" VPOS="1191" WIDTH="124" HEIGHT="42" CONTENT="Führer" WC="0.86" CC="006000"/>
						<SP ID="P16_SP00046" HPOS="1473" VPOS="1233" WIDTH="10"/>
						<String ID="P16_ST00060" HPOS="1483" VPOS="1193" WIDTH="95" HEIGHT="44" CONTENT="folgt." WC="0.99" CC="007024"/>
					</TextLine>
					<TextLine ID="P16_TL00015" HPOS="903" VPOS="1237" WIDTH="676" HEIGHT="46">
						<String ID="P16_ST00061" HPOS="903" VPOS="1239" WIDTH="93" HEIGHT="34" CONTENT="Kein" WC="1.00" CC="0000"/>
						<SP ID="P16_SP00047" HPOS="996" VPOS="1273" WIDTH="20"/>
						<String ID="P16_ST00062" HPOS="1016" VPOS="1237" WIDTH="188" HEIGHT="34" CONTENT="Erwerben" WC="0.99" CC="23050720"/>
						<SP ID="P16_SP00048" HPOS="1204" VPOS="1273" WIDTH="21"/>
						<String ID="P16_ST00063" HPOS="1225" VPOS="1241" WIDTH="91" HEIGHT="30" CONTENT="eines" WC="0.99" CC="40001"/>
						<SP ID="P16_SP00049" HPOS="1316" VPOS="1273" WIDTH="21"/>
						<String ID="P16_ST00064" HPOS="1337" VPOS="1238" WIDTH="123" HEIGHT="42" CONTENT="stillen," WC="0.99" CC="00014304"/>
						<SP ID="P16_SP00050" HPOS="1460" VPOS="1280" WIDTH="25"/>
						<String ID="P16_ST00065" HPOS="1485" VPOS="1240" WIDTH="76" HEIGHT="43" CONTENT="lang" SUBS_TYPE="HypPart1" SUBS_CONTENT="langsam" WC="0.99" CC="6000"/>
						<HYP HPOS="1561" VPOS="1240" WIDTH="18" CONTENT="-"/>
					</TextLine>
					<TextLine ID="P16_TL00016" HPOS="904" VPOS="1283" WIDTH="676" HEIGHT="42">
						<String ID="P16_ST00066" HPOS="904" VPOS="1298" WIDTH="73" HEIGHT="21" CONTENT="sam" SUBS_TYPE="HypPart2" SUBS_CONTENT="langsam" WC="1.00" CC="000"/>
						<SP ID="P16_SP00051" HPOS="977" VPOS="1319" WIDTH="21"/>
						<String ID="P16_ST00067" HPOS="998" VPOS="1283" WIDTH="228" HEIGHT="36" CONTENT="wachsenden" WC="0.99" CC="0406040020"/>
						<SP ID="P16_SP00052" HPOS="1226" VPOS="1319" WIDTH="23"/>
						<String ID="P16_ST00068" HPOS="1249" VPOS="1284" WIDTH="165" HEIGHT="41" CONTENT="Besitzes," WC="0.99" CC="060007004"/>
						<SP ID="P16_SP00053" HPOS="1414" VPOS="1325" WIDTH="21"/>
						<String ID="P16_ST00069" HPOS="1435" VPOS="1287" WIDTH="145" HEIGHT="34" CONTENT="sondern" WC="0.98" CC="1490360"/>
					</TextLine>
					<TextLine ID="P16_TL00017" HPOS="906" VPOS="1329" WIDTH="674" HEIGHT="44">
						<String ID="P16_ST00070" HPOS="906" VPOS="1335" WIDTH="54" HEIGHT="30" CONTENT="ein" WC="1.00" CC="000"/>
						<SP ID="P16_SP00054" HPOS="960" VPOS="1365" WIDTH="24"/>
						<String ID="P16_ST00071" HPOS="984" VPOS="1329" WIDTH="269" HEIGHT="36" CONTENT="fortwährendes" WC="1.00" CC="2000000600040"/>
						<SP ID="P16_SP00055" HPOS="1253" VPOS="1365" WIDTH="20"/>
						<String ID="P16_ST00072" HPOS="1273" VPOS="1331" WIDTH="204" HEIGHT="42" CONTENT="Vergeuden" WC="1.00" CC="055020000"/>
						<SP ID="P16_SP00056" HPOS="1477" VPOS="1373" WIDTH="21"/>
						<String ID="P16_ST00073" HPOS="1498" VPOS="1333" WIDTH="82" HEIGHT="34" CONTENT="aller" WC="0.98" CC="04620"/>
					</TextLine>
					<TextLine ID="P16_TL00018" HPOS="904" VPOS="1376" WIDTH="675" HEIGHT="39">
						<String ID="P16_ST00074" HPOS="904" VPOS="1376" WIDTH="403" HEIGHT="36" CONTENT="wandelbarenWerthe." WC="1.00" CC="000031744200351024"/>
						<SP ID="P16_SP00057" HPOS="1307" VPOS="1412" WIDTH="18"/>
						<String ID="P16_ST00075" HPOS="1325" VPOS="1378" WIDTH="86" HEIGHT="34" CONTENT="Man" WC="0.99" CC="020"/>
						<SP ID="P16_SP00058" HPOS="1411" VPOS="1412" WIDTH="12"/>
						<String ID="P16_ST00076" HPOS="1423" VPOS="1378" WIDTH="156" HEIGHT="37" CONTENT="erkennt:" WC="0.99" CC="07040007"/>
					</TextLine>
					<TextLine ID="P16_TL00019" HPOS="905" VPOS="1423" WIDTH="676" HEIGHT="38">
						<String ID="P16_ST00077" HPOS="905" VPOS="1424" WIDTH="90" HEIGHT="35" CONTENT="diese" WC="1.00" CC="00000"/>
						<SP ID="P16_SP00059" HPOS="995" VPOS="1459" WIDTH="19"/>
						<String ID="P16_ST00078" HPOS="1014" VPOS="1424" WIDTH="65" HEIGHT="33" CONTENT="Art" WC="1.00" CC="000"/>
						<SP ID="P16_SP00060" HPOS="1079" VPOS="1459" WIDTH="20"/>
						<String ID="P16_ST00079" HPOS="1099" VPOS="1434" WIDTH="44" HEIGHT="25" CONTENT="zu" WC="0.64" CC="70"/>
						<SP ID="P16_SP00061" HPOS="1143" VPOS="1459" WIDTH="17"/>
						<String ID="P16_ST00080" HPOS="1160" VPOS="1426" WIDTH="73" HEIGHT="31" CONTENT="sein" WC="1.00" CC="0000"/>
						<SP ID="P16_SP00062" HPOS="1233" VPOS="1459" WIDTH="16"/>
						<String ID="P16_ST00081" HPOS="1249" VPOS="1423" WIDTH="60" HEIGHT="35" CONTENT="hat" WC="0.97" CC="600"/>
						<SP ID="P16_SP00063" HPOS="1309" VPOS="1459" WIDTH="18"/>
						<String ID="P16_ST00082" HPOS="1327" VPOS="1431" WIDTH="106" HEIGHT="28" CONTENT="etwas" WC="1.00" CC="00000"/>
						<SP ID="P16_SP00064" HPOS="1433" VPOS="1459" WIDTH="14"/>
						<String ID="P16_ST00083" HPOS="1447" VPOS="1426" WIDTH="134" HEIGHT="35" CONTENT="Naives" WC="0.98" CC="407022"/>
					</TextLine>
					<TextLine ID="P16_TL00020" HPOS="905" VPOS="1469" WIDTH="675" HEIGHT="38">
						<String ID="P16_ST00084" HPOS="905" VPOS="1470" WIDTH="69" HEIGHT="34" CONTENT="und" WC="1.00" CC="000"/>
						<SP ID="P16_SP00065" HPOS="974" VPOS="1504" WIDTH="37"/>
						<String ID="P16_ST00085" HPOS="1011" VPOS="1469" WIDTH="309" HEIGHT="35" CONTENT="Unwillkürliches" WC="1.00" CC="000025000500040"/>
						<SP ID="P16_SP00066" HPOS="1320" VPOS="1504" WIDTH="41"/>
						<String ID="P16_ST00086" HPOS="1361" VPOS="1470" WIDTH="69" HEIGHT="35" CONTENT="und" WC="1.00" CC="000"/>
						<SP ID="P16_SP00067" HPOS="1430" VPOS="1505" WIDTH="36"/>
						<String ID="P16_ST00087" HPOS="1466" VPOS="1471" WIDTH="114" HEIGHT="36" CONTENT="ähnelt" WC="0.99" CC="000440"/>
					</TextLine>
					<TextLine ID="P16_TL00021" HPOS="906" VPOS="1515" WIDTH="674" HEIGHT="44">
						<String ID="P16_ST00088" HPOS="906" VPOS="1520" WIDTH="88" HEIGHT="39" CONTENT="jener" WC="0.98" CC="64050"/>
						<SP ID="P16_SP00068" HPOS="994" VPOS="1559" WIDTH="35"/>
						<String ID="P16_ST00089" HPOS="1029" VPOS="1517" WIDTH="75" HEIGHT="33" CONTENT="Zeit" WC="0.99" CC="0600"/>
						<SP ID="P16_SP00069" HPOS="1104" VPOS="1559" WIDTH="37"/>
						<String ID="P16_ST00090" HPOS="1141" VPOS="1515" WIDTH="57" HEIGHT="34" CONTENT="des" WC="0.98" CC="040"/>
						<SP ID="P16_SP00070" HPOS="1198" VPOS="1559" WIDTH="36"/>
						<String ID="P16_ST00091" HPOS="1234" VPOS="1516" WIDTH="257" HEIGHT="36" CONTENT="Unbewussten" WC="1.00" CC="00700000060"/>
						<SP ID="P16_SP00071" HPOS="1491" VPOS="1559" WIDTH="36"/>
						<String ID="P16_ST00092" HPOS="1527" VPOS="1532" WIDTH="53" HEIGHT="27" CONTENT="an," WC="0.97" CC="403"/>
					</TextLine>
					<TextLine ID="P16_TL00022" HPOS="906" VPOS="1562" WIDTH="675" HEIGHT="46">
						<String ID="P16_ST00093" HPOS="906" VPOS="1564" WIDTH="102" HEIGHT="34" CONTENT="deren" WC="0.98" CC="00650"/>
						<SP ID="P16_SP00072" HPOS="1008" VPOS="1598" WIDTH="15"/>
						<String ID="P16_ST00094" HPOS="1023" VPOS="1562" WIDTH="112" HEIGHT="35" CONTENT="bestes" WC="1.00" CC="000011"/>
						<SP ID="P16_SP00073" HPOS="1135" VPOS="1598" WIDTH="14"/>
						<String ID="P16_ST00095" HPOS="1149" VPOS="1562" WIDTH="174" HEIGHT="35" CONTENT="Merkmal" WC="0.99" CC="0040007"/>
						<SP ID="P16_SP00074" HPOS="1323" VPOS="1598" WIDTH="14"/>
						<String ID="P16_ST00096" HPOS="1337" VPOS="1567" WIDTH="54" HEIGHT="31" CONTENT="ein" WC="1.00" CC="000"/>
						<SP ID="P16_SP00075" HPOS="1391" VPOS="1598" WIDTH="21"/>
						<String ID="P16_ST00097" HPOS="1412" VPOS="1564" WIDTH="169" HEIGHT="44" CONTENT="freudiges" WC="0.99" CC="360000040"/>
					</TextLine>
					<TextLine ID="P16_TL00023" HPOS="906" VPOS="1608" WIDTH="676" HEIGHT="38">
						<String ID="P16_ST00098" HPOS="906" VPOS="1611" WIDTH="194" HEIGHT="33" CONTENT="Vertrauen" WC="1.00" CC="000040600"/>
						<SP ID="P16_SP00076" HPOS="1100" VPOS="1644" WIDTH="25"/>
						<String ID="P16_ST00099" HPOS="1125" VPOS="1612" WIDTH="58" HEIGHT="30" CONTENT="ist:" WC="0.99" CC="0006"/>
						<SP ID="P16_SP00077" HPOS="1183" VPOS="1644" WIDTH="32"/>
						<String ID="P16_ST00100" HPOS="1215" VPOS="1608" WIDTH="57" HEIGHT="34" CONTENT="der" WC="0.98" CC="005"/>
						<SP ID="P16_SP00078" HPOS="1272" VPOS="1644" WIDTH="26"/>
						<String ID="P16_ST00101" HPOS="1298" VPOS="1610" WIDTH="174" HEIGHT="35" CONTENT="Kindheit-" WC="1.00" CC="000062003"/>
						<SP ID="P16_SP00079" HPOS="1472" VPOS="1645" WIDTH="45"/>
						<String ID="P16_ST00102" HPOS="1517" VPOS="1612" WIDTH="65" HEIGHT="34" CONTENT="Die" WC="0.95" CC="634"/>
					</TextLine>
					<TextLine ID="P16_TL00024" HPOS="906" VPOS="1654" WIDTH="677" HEIGHT="45">
						<String ID="P16_ST00103" HPOS="906" VPOS="1656" WIDTH="168" HEIGHT="35" CONTENT="Kindheit" WC="1.00" CC="00000300"/>
						<SP ID="P16_SP00080" HPOS="1074" VPOS="1691" WIDTH="21"/>
						<String ID="P16_ST00104" HPOS="1095" VPOS="1658" WIDTH="43" HEIGHT="31" CONTENT="ist" WC="1.00" CC="000"/>
						<SP ID="P16_SP00081" HPOS="1138" VPOS="1691" WIDTH="22"/>
						<String ID="P16_ST00105" HPOS="1160" VPOS="1654" WIDTH="59" HEIGHT="34" CONTENT="das" WC="1.00" CC="000"/>
						<SP ID="P16_SP00082" HPOS="1219" VPOS="1691" WIDTH="18"/>
						<String ID="P16_ST00106" HPOS="1237" VPOS="1656" WIDTH="108" HEIGHT="33" CONTENT="Reich" WC="1.00" CC="00000"/>
						<SP ID="P16_SP00083" HPOS="1345" VPOS="1691" WIDTH="19"/>
						<String ID="P16_ST00107" HPOS="1364" VPOS="1656" WIDTH="55" HEIGHT="35" CONTENT="der" WC="0.98" CC="022"/>
						<SP ID="P16_SP00084" HPOS="1419" VPOS="1691" WIDTH="22"/>
						<String ID="P16_ST00108" HPOS="1441" VPOS="1670" WIDTH="142" HEIGHT="29" CONTENT="grossen" WC="1.00" CC="0600000"/>
					</TextLine>
					<TextLine ID="P16_TL00025" HPOS="906" VPOS="1701" WIDTH="676" HEIGHT="43">
						<String ID="P16_ST00109" HPOS="906" VPOS="1701" WIDTH="258" HEIGHT="43" CONTENT="Gerechtigkeit" WC="1.00" CC="0150000000200"/>
						<SP ID="P16_SP00085" HPOS="1164" VPOS="1744" WIDTH="21"/>
						<String ID="P16_ST00110" HPOS="1185" VPOS="1701" WIDTH="68" HEIGHT="34" CONTENT="und" WC="1.00" CC="000"/>
						<SP ID="P16_SP00086" HPOS="1253" VPOS="1744" WIDTH="18"/>
						<String ID="P16_ST00111" HPOS="1271" VPOS="1701" WIDTH="58" HEIGHT="34" CONTENT="der" WC="0.98" CC="040"/>
						<SP ID="P16_SP00087" HPOS="1329" VPOS="1744" WIDTH="19"/>
						<String ID="P16_ST00112" HPOS="1348" VPOS="1703" WIDTH="102" HEIGHT="34" CONTENT="tiefen" WC="0.99" CC="005210"/>
						<SP ID="P16_SP00088" HPOS="1450" VPOS="1744" WIDTH="19"/>
						<String ID="P16_ST00113" HPOS="1469" VPOS="1703" WIDTH="113" HEIGHT="35" CONTENT="Liebe." WC="0.98" CC="004704"/>
					</TextLine>
					<TextLine ID="P16_TL00026" HPOS="906" VPOS="1747" WIDTH="677" HEIGHT="44">
						<String ID="P16_ST00114" HPOS="906" VPOS="1751" WIDTH="93" HEIGHT="34" CONTENT="Kein" WC="0.99" CC="0400"/>
						<SP ID="P16_SP00089" HPOS="999" VPOS="1785" WIDTH="30"/>
						<String ID="P16_ST00115" HPOS="1029" VPOS="1749" WIDTH="92" HEIGHT="42" CONTENT="Ding" WC="1.00" CC="0000"/>
						<SP ID="P16_SP00090" HPOS="1121" VPOS="1791" WIDTH="34"/>
						<String ID="P16_ST00116" HPOS="1155" VPOS="1751" WIDTH="43" HEIGHT="30" CONTENT="ist" WC="1.00" CC="000"/>
						<SP ID="P16_SP00091" HPOS="1198" VPOS="1791" WIDTH="33"/>
						<String ID="P16_ST00117" HPOS="1231" VPOS="1747" WIDTH="179" HEIGHT="44" CONTENT="wichtiger" WC="0.99" CC="001606035"/>
						<SP ID="P16_SP00092" HPOS="1410" VPOS="1791" WIDTH="32"/>
						<String ID="P16_ST00118" HPOS="1442" VPOS="1750" WIDTH="51" HEIGHT="33" CONTENT="als" WC="0.98" CC="050"/>
						<SP ID="P16_SP00093" HPOS="1493" VPOS="1791" WIDTH="36"/>
						<String ID="P16_ST00119" HPOS="1529" VPOS="1754" WIDTH="54" HEIGHT="30" CONTENT="ein" WC="0.99" CC="200"/>
					</TextLine>
					<TextLine ID="P16_TL00027" HPOS="906" VPOS="1793" WIDTH="676" HEIGHT="39">
						<String ID="P16_ST00120" HPOS="906" VPOS="1796" WIDTH="142" HEIGHT="36" CONTENT="anderes" WC="1.00" CC="0000400"/>
						<SP ID="P16_SP00094" HPOS="1048" VPOS="1832" WIDTH="17"/>
						<String ID="P16_ST00121" HPOS="1065" VPOS="1798" WIDTH="35" HEIGHT="31" CONTENT="in" WC="1.00" CC="00"/>
						<SP ID="P16_SP00095" HPOS="1100" VPOS="1832" WIDTH="20"/>
						<String ID="P16_ST00122" HPOS="1120" VPOS="1793" WIDTH="65" HEIGHT="36" CONTENT="den" WC="1.00" CC="000"/>
						<SP ID="P16_SP00096" HPOS="1185" VPOS="1832" WIDTH="13"/>
						<String ID="P16_ST00123" HPOS="1198" VPOS="1794" WIDTH="149" HEIGHT="35" CONTENT="Händen" WC="1.00" CC="000000"/>
						<SP ID="P16_SP00097" HPOS="1347" VPOS="1832" WIDTH="17"/>
						<String ID="P16_ST00124" HPOS="1364" VPOS="1794" WIDTH="57" HEIGHT="35" CONTENT="des" WC="0.99" CC="001"/>
						<SP ID="P16_SP00098" HPOS="1421" VPOS="1832" WIDTH="17"/>
						<String ID="P16_ST00125" HPOS="1438" VPOS="1796" WIDTH="144" HEIGHT="35" CONTENT="Kindes." WC="1.00" CC="0000004"/>
					</TextLine>
					<TextLine ID="P16_TL00028" HPOS="906" VPOS="1841" WIDTH="677" HEIGHT="44">
						<String ID="P16_ST00126" HPOS="906" VPOS="1845" WIDTH="47" HEIGHT="34" CONTENT="Es" WC="0.97" CC="00"/>
						<SP ID="P16_SP00099" HPOS="953" VPOS="1879" WIDTH="11"/>
						<String ID="P16_ST00127" HPOS="964" VPOS="1842" WIDTH="99" HEIGHT="43" CONTENT="spielt" WC="0.99" CC="000470"/>
						<SP ID="P16_SP00100" HPOS="1063" VPOS="1885" WIDTH="14"/>
						<String ID="P16_ST00128" HPOS="1077" VPOS="1844" WIDTH="61" HEIGHT="31" CONTENT="mit" WC="1.00" CC="000"/>
						<SP ID="P16_SP00101" HPOS="1138" VPOS="1885" WIDTH="12"/>
						<String ID="P16_ST00129" HPOS="1150" VPOS="1844" WIDTH="91" HEIGHT="31" CONTENT="einer" WC="0.99" CC="10005"/>
						<SP ID="P16_SP00102" HPOS="1241" VPOS="1885" WIDTH="13"/>
						<String ID="P16_ST00130" HPOS="1254" VPOS="1841" WIDTH="167" HEIGHT="42" CONTENT="goldenen" WC="1.00" CC="00600000"/>
						<SP ID="P16_SP00103" HPOS="1421" VPOS="1885" WIDTH="11"/>
						<String ID="P16_ST00131" HPOS="1432" VPOS="1842" WIDTH="151" HEIGHT="35" CONTENT="Brosche" WC="0.99" CC="3000006"/>
					</TextLine>
					<TextLine ID="P16_TL00029" HPOS="906" VPOS="1889" WIDTH="677" HEIGHT="37">
						<String ID="P16_ST00132" HPOS="906" VPOS="1890" WIDTH="80" HEIGHT="36" CONTENT="oder" WC="1.00" CC="0010"/>
						<SP ID="P16_SP00104" HPOS="986" VPOS="1926" WIDTH="36"/>
						<String ID="P16_ST00133" HPOS="1022" VPOS="1892" WIDTH="61" HEIGHT="31" CONTENT="mit" WC="1.00" CC="000"/>
						<SP ID="P16_SP00105" HPOS="1083" VPOS="1926" WIDTH="38"/>
						<String ID="P16_ST00134" HPOS="1121" VPOS="1891" WIDTH="92" HEIGHT="32" CONTENT="einer" WC="0.99" CC="40050"/>
						<SP ID="P16_SP00106" HPOS="1213" VPOS="1926" WIDTH="33"/>
						<String ID="P16_ST00135" HPOS="1246" VPOS="1891" WIDTH="147" HEIGHT="31" CONTENT="weissen" WC="0.89" CC="0004030"/>
						<SP ID="P16_SP00107" HPOS="1393" VPOS="1926" WIDTH="33"/>
						<String ID="P16_ST00136" HPOS="1426" VPOS="1889" WIDTH="135" HEIGHT="34" CONTENT="Wiesen" SUBS_TYPE="HypPart1" SUBS_CONTENT="Wiesenblume." WC="1.00" CC="001030"/>
						<HYP HPOS="1561" VPOS="1889" WIDTH="22" CONTENT="-"/>
					</TextLine>
					<TextLine ID="P16_TL00030" HPOS="906" VPOS="1934" WIDTH="677" HEIGHT="44">
						<String ID="P16_ST00137" HPOS="906" VPOS="1938" WIDTH="125" HEIGHT="35" CONTENT="blume." SUBS_TYPE="HypPart2" SUBS_CONTENT="Wiesenblume." WC="0.98" CC="750004"/>
						<SP ID="P16_SP00108" HPOS="1031" VPOS="1973" WIDTH="43"/>
						<String ID="P16_ST00138" HPOS="1074" VPOS="1936" WIDTH="46" HEIGHT="34" CONTENT="Es" WC="0.76" CC="40"/>
						<SP ID="P16_SP00109" HPOS="1120" VPOS="1973" WIDTH="21"/>
						<String ID="P16_ST00139" HPOS="1141" VPOS="1934" WIDTH="88" HEIGHT="35" CONTENT="wird" WC="0.99" CC="0050"/>
						<SP ID="P16_SP00110" HPOS="1229" VPOS="1973" WIDTH="21"/>
						<String ID="P16_ST00140" HPOS="1250" VPOS="1938" WIDTH="35" HEIGHT="29" CONTENT="in" WC="1.00" CC="00"/>
						<SP ID="P16_SP00111" HPOS="1285" VPOS="1973" WIDTH="23"/>
						<String ID="P16_ST00141" HPOS="1308" VPOS="1934" WIDTH="56" HEIGHT="34" CONTENT="der" WC="0.96" CC="055"/>
						<SP ID="P16_SP00112" HPOS="1364" VPOS="1973" WIDTH="18"/>
						<String ID="P16_ST00142" HPOS="1382" VPOS="1934" WIDTH="201" HEIGHT="44" CONTENT="Ermüdung" WC="1.00" CC="33000000"/>
					</TextLine>
					<TextLine ID="P16_TL00031" HPOS="906" VPOS="1980" WIDTH="678" HEIGHT="46">
						<String ID="P16_ST00143" HPOS="906" VPOS="1984" WIDTH="97" HEIGHT="35" CONTENT="beide" WC="0.99" CC="00005"/>
						<SP ID="P16_SP00113" HPOS="1003" VPOS="2019" WIDTH="33"/>
						<String ID="P16_ST00144" HPOS="1036" VPOS="1982" WIDTH="112" HEIGHT="44" CONTENT="gleich" WC="0.99" CC="000025"/>
						<SP ID="P16_SP00114" HPOS="1148" VPOS="2026" WIDTH="28"/>
						<String ID="P16_ST00145" HPOS="1176" VPOS="1980" WIDTH="132" HEIGHT="36" CONTENT="achtlos" WC="1.00" CC="0000700"/>
						<SP ID="P16_SP00115" HPOS="1308" VPOS="2026" WIDTH="29"/>
						<String ID="P16_ST00146" HPOS="1337" VPOS="1981" WIDTH="104" HEIGHT="35" CONTENT="fallen" WC="0.98" CC="051750"/>
						<SP ID="P16_SP00116" HPOS="1441" VPOS="2026" WIDTH="31"/>
						<String ID="P16_ST00147" HPOS="1472" VPOS="1981" WIDTH="112" HEIGHT="35" CONTENT="lassen" WC="0.99" CC="600040"/>
					</TextLine>
					<TextLine ID="P16_TL00032" HPOS="907" VPOS="2028" WIDTH="676" HEIGHT="44">
						<String ID="P16_ST00148" HPOS="907" VPOS="2031" WIDTH="69" HEIGHT="35" CONTENT="und" WC="0.97" CC="700"/>
						<SP ID="P16_SP00117" HPOS="976" VPOS="2066" WIDTH="13"/>
						<String ID="P16_ST00149" HPOS="989" VPOS="2041" WIDTH="197" HEIGHT="31" CONTENT="vergessen," WC="1.00" CC="0150000003"/>
						<SP ID="P16_SP00118" HPOS="1186" VPOS="2072" WIDTH="10"/>
						<String ID="P16_ST00150" HPOS="1196" VPOS="2031" WIDTH="68" HEIGHT="32" CONTENT="wie" WC="0.99" CC="003"/>
						<SP ID="P16_SP00119" HPOS="1264" VPOS="2072" WIDTH="13"/>
						<String ID="P16_ST00151" HPOS="1277" VPOS="2028" WIDTH="96" HEIGHT="34" CONTENT="beide" WC="0.98" CC="70004"/>
						<SP ID="P16_SP00120" HPOS="1373" VPOS="2072" WIDTH="13"/>
						<String ID="P16_ST00152" HPOS="1386" VPOS="2028" WIDTH="72" HEIGHT="33" CONTENT="ihm" WC="0.98" CC="050"/>
						<SP ID="P16_SP00121" HPOS="1458" VPOS="2072" WIDTH="14"/>
						<String ID="P16_ST00153" HPOS="1472" VPOS="2028" WIDTH="111" HEIGHT="43" CONTENT="gleich" WC="0.99" CC="034000"/>
					</TextLine>
				</TextBlock>
				<TextBlock ID="P16_TB00004" HPOS="1643" VPOS="1154" WIDTH="704" HEIGHT="910" STYLEREFS="TXT_2 PAR_BLOCK">
					<TextLine ID="P16_TL00033" HPOS="1667" VPOS="1154" WIDTH="677" HEIGHT="34">
						<String ID="P16_ST00154" HPOS="1667" VPOS="1154" WIDTH="167" HEIGHT="34" CONTENT="glanzend" WC="0.98" CC="73607208"/>
						<SP ID="P16_SP00122" HPOS="1834" VPOS="1188" WIDTH="29"/>
						<String ID="P16_ST00155" HPOS="1863" VPOS="1154" WIDTH="161" HEIGHT="23" CONTENT="schienen" WC="0.99" CC="00754020"/>
						<SP ID="P16_SP00123" HPOS="2024" VPOS="1188" WIDTH="29"/>
						<String ID="P16_ST00156" HPOS="2053" VPOS="1155" WIDTH="35" HEIGHT="21" CONTENT="in" WC="0.66" CC="60"/>
						<SP ID="P16_SP00124" HPOS="2088" VPOS="1188" WIDTH="33"/>
						<String ID="P16_ST00157" HPOS="2121" VPOS="1154" WIDTH="76" HEIGHT="23" CONTENT="dem" WC="0.95" CC="723"/>
						<SP ID="P16_SP00125" HPOS="2197" VPOS="1188" WIDTH="29"/>
						<String ID="P16_ST00158" HPOS="2226" VPOS="1154" WIDTH="118" HEIGHT="23" CONTENT="Lichte" WC="0.99" CC="300700"/>
					</TextLine>
					<TextLine ID="P16_TL00034" HPOS="1667" VPOS="1188" WIDTH="677" HEIGHT="38">
						<String ID="P16_ST00159" HPOS="1667" VPOS="1194" WIDTH="111" HEIGHT="32" CONTENT="seiner" WC="0.99" CC="004405"/>
						<SP ID="P16_SP00126" HPOS="1778" VPOS="1226" WIDTH="29"/>
						<String ID="P16_ST00160" HPOS="1807" VPOS="1188" WIDTH="143" HEIGHT="34" CONTENT="Freude." WC="0.98" CC="1607707"/>
						<SP ID="P16_SP00127" HPOS="1950" VPOS="1226" WIDTH="53"/>
						<String ID="P16_ST00161" HPOS="2003" VPOS="1189" WIDTH="46" HEIGHT="33" CONTENT="Es" WC="1.00" CC="00"/>
						<SP ID="P16_SP00128" HPOS="2049" VPOS="1226" WIDTH="30"/>
						<String ID="P16_ST00162" HPOS="2079" VPOS="1189" WIDTH="58" HEIGHT="33" CONTENT="hat" WC="0.96" CC="650"/>
						<SP ID="P16_SP00129" HPOS="2137" VPOS="1226" WIDTH="33"/>
						<String ID="P16_ST00163" HPOS="2170" VPOS="1188" WIDTH="94" HEIGHT="34" CONTENT="nicht" WC="0.99" CC="00060"/>
						<SP ID="P16_SP00130" HPOS="2264" VPOS="1226" WIDTH="29"/>
						<String ID="P16_ST00164" HPOS="2293" VPOS="1189" WIDTH="51" HEIGHT="34" CONTENT="die" WC="0.97" CC="601"/>
					</TextLine>
					<TextLine ID="P16_TL00035" HPOS="1668" VPOS="1234" WIDTH="676" HEIGHT="45">
						<String ID="P16_ST00165" HPOS="1668" VPOS="1238" WIDTH="114" HEIGHT="41" CONTENT="Angst" WC="0.98" CC="40900"/>
						<SP ID="P16_SP00131" HPOS="1782" VPOS="1279" WIDTH="22"/>
						<String ID="P16_ST00166" HPOS="1804" VPOS="1235" WIDTH="57" HEIGHT="34" CONTENT="des" WC="1.00" CC="000"/>
						<SP ID="P16_SP00132" HPOS="1861" VPOS="1279" WIDTH="19"/>
						<String ID="P16_ST00167" HPOS="1880" VPOS="1235" WIDTH="189" HEIGHT="36" CONTENT="Verlustes." WC="0.99" CC="4057710004"/>
						<SP ID="P16_SP00133" HPOS="2069" VPOS="1279" WIDTH="35"/>
						<String ID="P16_ST00168" HPOS="2104" VPOS="1236" WIDTH="64" HEIGHT="34" CONTENT="Die" WC="1.00" CC="000"/>
						<SP ID="P16_SP00134" HPOS="2168" VPOS="1279" WIDTH="18"/>
						<String ID="P16_ST00169" HPOS="2186" VPOS="1234" WIDTH="95" HEIGHT="36" CONTENT="Welt" WC="0.97" CC="6070"/>
						<SP ID="P16_SP00135" HPOS="2281" VPOS="1279" WIDTH="20"/>
						<String ID="P16_ST00170" HPOS="2301" VPOS="1238" WIDTH="43" HEIGHT="32" CONTENT="ist" WC="1.00" CC="000"/>
					</TextLine>
					<TextLine ID="P16_TL00036" HPOS="1668" VPOS="1282" WIDTH="678" HEIGHT="40">
						<String ID="P16_ST00171" HPOS="1668" VPOS="1283" WIDTH="73" HEIGHT="35" CONTENT="ihm" WC="0.98" CC="005"/>
						<SP ID="P16_SP00136" HPOS="1741" VPOS="1318" WIDTH="21"/>
						<String ID="P16_ST00172" HPOS="1762" VPOS="1282" WIDTH="89" HEIGHT="34" CONTENT="noch" WC="0.99" CC="0030"/>
						<SP ID="P16_SP00137" HPOS="1851" VPOS="1318" WIDTH="22"/>
						<String ID="P16_ST00173" HPOS="1873" VPOS="1282" WIDTH="53" HEIGHT="34" CONTENT="die" WC="0.99" CC="002"/>
						<SP ID="P16_SP00138" HPOS="1926" VPOS="1318" WIDTH="18"/>
						<String ID="P16_ST00174" HPOS="1944" VPOS="1282" WIDTH="127" HEIGHT="35" CONTENT="schöne" WC="0.99" CC="000604"/>
						<SP ID="P16_SP00139" HPOS="2071" VPOS="1318" WIDTH="22"/>
						<String ID="P16_ST00175" HPOS="2093" VPOS="1282" WIDTH="134" HEIGHT="40" CONTENT="Schale," WC="0.99" CC="0000627"/>
						<SP ID="P16_SP00140" HPOS="2227" VPOS="1322" WIDTH="22"/>
						<String ID="P16_ST00176" HPOS="2249" VPOS="1282" WIDTH="97" HEIGHT="34" CONTENT="darin" WC="0.99" CC="05000"/>
					</TextLine>
					<TextLine ID="P16_TL00037" HPOS="1668" VPOS="1328" WIDTH="678" HEIGHT="43">
						<String ID="P16_ST00177" HPOS="1668" VPOS="1329" WIDTH="112" HEIGHT="36" CONTENT="nichts" WC="1.00" CC="000000"/>
						<SP ID="P16_SP00141" HPOS="1780" VPOS="1365" WIDTH="22"/>
						<String ID="P16_ST00178" HPOS="1802" VPOS="1328" WIDTH="158" HEIGHT="36" CONTENT="verloren" WC="0.99" CC="00533740"/>
						<SP ID="P16_SP00142" HPOS="1960" VPOS="1365" WIDTH="24"/>
						<String ID="P16_ST00179" HPOS="1984" VPOS="1329" WIDTH="92" HEIGHT="42" CONTENT="geht." WC="1.00" CC="00003"/>
						<SP ID="P16_SP00143" HPOS="2076" VPOS="1371" WIDTH="38"/>
						<String ID="P16_ST00180" HPOS="2114" VPOS="1329" WIDTH="81" HEIGHT="35" CONTENT="Und" WC="1.00" CC="000"/>
						<SP ID="P16_SP00144" HPOS="2195" VPOS="1371" WIDTH="26"/>
						<String ID="P16_ST00181" HPOS="2221" VPOS="1342" WIDTH="35" HEIGHT="22" CONTENT="es" WC="0.93" CC="10"/>
						<SP ID="P16_SP00145" HPOS="2256" VPOS="1371" WIDTH="22"/>
						<String ID="P16_ST00182" HPOS="2278" VPOS="1343" WIDTH="46" HEIGHT="21" CONTENT="em" SUBS_TYPE="HypPart1" SUBS_CONTENT="empfindet" WC="0.98" CC="30"/>
						<HYP HPOS="2324" VPOS="1343" WIDTH="22" CONTENT="-"/>
					</TextLine>
					<TextLine ID="P16_TL00038" HPOS="1668" VPOS="1376" WIDTH="677" HEIGHT="44">
						<String ID="P16_ST00183" HPOS="1668" VPOS="1377" WIDTH="129" HEIGHT="43" CONTENT="pfindet" SUBS_TYPE="HypPart2" SUBS_CONTENT="empfindet" WC="0.99" CC="5000040"/>
						<SP ID="P16_SP00146" HPOS="1797" VPOS="1420" WIDTH="31"/>
						<String ID="P16_ST00184" HPOS="1828" VPOS="1376" WIDTH="50" HEIGHT="34" CONTENT="als" WC="1.00" CC="000"/>
						<SP ID="P16_SP00147" HPOS="1878" VPOS="1420" WIDTH="27"/>
						<String ID="P16_ST00185" HPOS="1905" VPOS="1379" WIDTH="73" HEIGHT="30" CONTENT="sein" WC="1.00" CC="0000"/>
						<SP ID="P16_SP00148" HPOS="1978" VPOS="1420" WIDTH="24"/>
						<String ID="P16_ST00186" HPOS="2002" VPOS="1376" WIDTH="209" HEIGHT="41" CONTENT="Eigenthum" WC="1.00" CC="300000000"/>
						<SP ID="P16_SP00149" HPOS="2211" VPOS="1420" WIDTH="25"/>
						<String ID="P16_ST00187" HPOS="2236" VPOS="1376" WIDTH="109" HEIGHT="40" CONTENT="Alles," WC="0.99" CC="116004"/>
					</TextLine>
					<TextLine ID="P16_TL00039" HPOS="1668" VPOS="1421" WIDTH="677" HEIGHT="44">
						<String ID="P16_ST00188" HPOS="1668" VPOS="1436" WIDTH="75" HEIGHT="23" CONTENT="was" WC="0.96" CC="900"/>
						<SP ID="P16_SP00150" HPOS="1743" VPOS="1459" WIDTH="35"/>
						<String ID="P16_ST00189" HPOS="1778" VPOS="1435" WIDTH="35" HEIGHT="21" CONTENT="es" WC="1.00" CC="00"/>
						<SP ID="P16_SP00151" HPOS="1813" VPOS="1459" WIDTH="38"/>
						<String ID="P16_ST00190" HPOS="1851" VPOS="1421" WIDTH="123" HEIGHT="35" CONTENT="einmal" WC="1.00" CC="000003"/>
						<SP ID="P16_SP00152" HPOS="1974" VPOS="1459" WIDTH="38"/>
						<String ID="P16_ST00191" HPOS="2012" VPOS="1421" WIDTH="163" HEIGHT="44" CONTENT="gesehen," WC="0.99" CC="04050004"/>
						<SP ID="P16_SP00153" HPOS="2175" VPOS="1465" WIDTH="37"/>
						<String ID="P16_ST00192" HPOS="2212" VPOS="1422" WIDTH="133" HEIGHT="43" CONTENT="gefühlt" WC="0.99" CC="0400080"/>
					</TextLine>
					<TextLine ID="P16_TL00040" HPOS="1668" VPOS="1468" WIDTH="678" HEIGHT="44">
						<String ID="P16_ST00193" HPOS="1668" VPOS="1470" WIDTH="80" HEIGHT="35" CONTENT="oder" WC="0.99" CC="0004"/>
						<SP ID="P16_SP00154" HPOS="1748" VPOS="1505" WIDTH="25"/>
						<String ID="P16_ST00194" HPOS="1773" VPOS="1468" WIDTH="122" HEIGHT="44" CONTENT="gehört" WC="0.99" CC="000770"/>
						<SP ID="P16_SP00155" HPOS="1895" VPOS="1512" WIDTH="26"/>
						<String ID="P16_ST00195" HPOS="1921" VPOS="1468" WIDTH="70" HEIGHT="35" CONTENT="hat." WC="0.99" CC="0004"/>
						<SP ID="P16_SP00156" HPOS="1991" VPOS="1512" WIDTH="50"/>
						<String ID="P16_ST00196" HPOS="2041" VPOS="1468" WIDTH="108" HEIGHT="41" CONTENT="Alles," WC="0.98" CC="057024"/>
						<SP ID="P16_SP00157" HPOS="2149" VPOS="1512" WIDTH="25"/>
						<String ID="P16_ST00197" HPOS="2174" VPOS="1481" WIDTH="74" HEIGHT="22" CONTENT="was" WC="0.96" CC="900"/>
						<SP ID="P16_SP00158" HPOS="2248" VPOS="1512" WIDTH="26"/>
						<String ID="P16_ST00198" HPOS="2274" VPOS="1468" WIDTH="72" HEIGHT="35" CONTENT="ihm" WC="1.00" CC="000"/>
					</TextLine>
					<TextLine ID="P16_TL00041" HPOS="1670" VPOS="1515" WIDTH="675" HEIGHT="43">
						<String ID="P16_ST00199" HPOS="1670" VPOS="1515" WIDTH="125" HEIGHT="38" CONTENT="einmal" WC="0.99" CC="060006"/>
						<SP ID="P16_SP00159" HPOS="1795" VPOS="1553" WIDTH="33"/>
						<String ID="P16_ST00200" HPOS="1828" VPOS="1515" WIDTH="167" HEIGHT="43" CONTENT="begegnet" WC="0.99" CC="83030060"/>
						<SP ID="P16_SP00160" HPOS="1995" VPOS="1558" WIDTH="33"/>
						<String ID="P16_ST00201" HPOS="2028" VPOS="1518" WIDTH="54" HEIGHT="31" CONTENT="ist." WC="0.99" CC="0004"/>
						<SP ID="P16_SP00161" HPOS="2082" VPOS="1558" WIDTH="54"/>
						<String ID="P16_ST00202" HPOS="2136" VPOS="1515" WIDTH="45" HEIGHT="34" CONTENT="Es" WC="1.00" CC="00"/>
						<SP ID="P16_SP00162" HPOS="2181" VPOS="1558" WIDTH="35"/>
						<String ID="P16_ST00203" HPOS="2216" VPOS="1519" WIDTH="129" HEIGHT="39" CONTENT="zwingt" WC="0.99" CC="800000"/>
					</TextLine>
					<TextLine ID="P16_TL00042" HPOS="1669" VPOS="1561" WIDTH="676" HEIGHT="44">
						<String ID="P16_ST00204" HPOS="1669" VPOS="1564" WIDTH="54" HEIGHT="35" CONTENT="die" WC="1.00" CC="000"/>
						<SP ID="P16_SP00163" HPOS="1723" VPOS="1599" WIDTH="25"/>
						<String ID="P16_ST00205" HPOS="1748" VPOS="1564" WIDTH="113" HEIGHT="41" CONTENT="Dinge" WC="1.00" CC="30000"/>
						<SP ID="P16_SP00164" HPOS="1861" VPOS="1605" WIDTH="24"/>
						<String ID="P16_ST00206" HPOS="1885" VPOS="1561" WIDTH="106" HEIGHT="41" CONTENT="nicht," WC="1.00" CC="000004"/>
						<SP ID="P16_SP00165" HPOS="1991" VPOS="1605" WIDTH="27"/>
						<String ID="P16_ST00207" HPOS="2018" VPOS="1561" WIDTH="73" HEIGHT="34" CONTENT="sich" WC="0.99" CC="0040"/>
						<SP ID="P16_SP00166" HPOS="2091" VPOS="1605" WIDTH="25"/>
						<String ID="P16_ST00208" HPOS="2116" VPOS="1561" WIDTH="229" HEIGHT="36" CONTENT="anzusiedeln." WC="1.00" CC="007000104703"/>
					</TextLine>
					<TextLine ID="P16_TL00043" HPOS="1669" VPOS="1607" WIDTH="678" HEIGHT="38">
						<String ID="P16_ST00209" HPOS="1669" VPOS="1612" WIDTH="86" HEIGHT="33" CONTENT="Eine" WC="1.00" CC="0002"/>
						<SP ID="P16_SP00167" HPOS="1755" VPOS="1645" WIDTH="45"/>
						<String ID="P16_ST00210" HPOS="1800" VPOS="1608" WIDTH="129" HEIGHT="36" CONTENT="Schaar" WC="0.98" CC="200666"/>
						<SP ID="P16_SP00168" HPOS="1929" VPOS="1645" WIDTH="48"/>
						<String ID="P16_ST00211" HPOS="1977" VPOS="1607" WIDTH="143" HEIGHT="34" CONTENT="dunkler" WC="0.99" CC="0000746"/>
						<SP ID="P16_SP00169" HPOS="2120" VPOS="1645" WIDTH="45"/>
						<String ID="P16_ST00212" HPOS="2165" VPOS="1608" WIDTH="182" HEIGHT="34" CONTENT="Nomaden" WC="0.99" CC="6000040"/>
					</TextLine>
					<TextLine ID="P16_TL00044" HPOS="1669" VPOS="1653" WIDTH="678" HEIGHT="44">
						<String ID="P16_ST00213" HPOS="1669" VPOS="1656" WIDTH="164" HEIGHT="35" CONTENT="wandern" WC="1.00" CC="0000060"/>
						<SP ID="P16_SP00170" HPOS="1833" VPOS="1691" WIDTH="28"/>
						<String ID="P16_ST00214" HPOS="1861" VPOS="1658" WIDTH="49" HEIGHT="32" CONTENT="sie" WC="1.00" CC="000"/>
						<SP ID="P16_SP00171" HPOS="1910" VPOS="1691" WIDTH="28"/>
						<String ID="P16_ST00215" HPOS="1938" VPOS="1653" WIDTH="106" HEIGHT="36" CONTENT="durch" WC="0.99" CC="00600"/>
						<SP ID="P16_SP00172" HPOS="2044" VPOS="1691" WIDTH="30"/>
						<String ID="P16_ST00216" HPOS="2074" VPOS="1658" WIDTH="92" HEIGHT="31" CONTENT="seine" WC="0.99" CC="04003"/>
						<SP ID="P16_SP00173" HPOS="2166" VPOS="1691" WIDTH="32"/>
						<String ID="P16_ST00217" HPOS="2198" VPOS="1654" WIDTH="149" HEIGHT="43" CONTENT="heiligen" WC="1.00" CC="00060000"/>
					</TextLine>
					<TextLine ID="P16_TL00045" HPOS="1670" VPOS="1699" WIDTH="677" HEIGHT="44">
						<String ID="P16_ST00218" HPOS="1670" VPOS="1703" WIDTH="124" HEIGHT="35" CONTENT="Hände" WC="1.00" CC="01002"/>
						<SP ID="P16_SP00174" HPOS="1794" VPOS="1738" WIDTH="32"/>
						<String ID="P16_ST00219" HPOS="1826" VPOS="1706" WIDTH="68" HEIGHT="31" CONTENT="wie" WC="1.00" CC="000"/>
						<SP ID="P16_SP00175" HPOS="1894" VPOS="1738" WIDTH="33"/>
						<String ID="P16_ST00220" HPOS="1927" VPOS="1701" WIDTH="105" HEIGHT="34" CONTENT="durch" WC="1.00" CC="00000"/>
						<SP ID="P16_SP00176" HPOS="2032" VPOS="1738" WIDTH="39"/>
						<String ID="P16_ST00221" HPOS="2071" VPOS="1704" WIDTH="50" HEIGHT="31" CONTENT="ein" WC="0.96" CC="407"/>
						<SP ID="P16_SP00177" HPOS="2121" VPOS="1738" WIDTH="35"/>
						<String ID="P16_ST00222" HPOS="2156" VPOS="1699" WIDTH="168" HEIGHT="44" CONTENT="Triumph" SUBS_TYPE="HypPart1" SUBS_CONTENT="Triumphthor." WC="0.99" CC="7400050"/>
						<HYP HPOS="2324" VPOS="1699" WIDTH="23" CONTENT="-"/>
					</TextLine>
					<TextLine ID="P16_TL00046" HPOS="1670" VPOS="1747" WIDTH="677" HEIGHT="38">
						<String ID="P16_ST00223" HPOS="1670" VPOS="1749" WIDTH="88" HEIGHT="36" CONTENT="thor." SUBS_TYPE="HypPart2" SUBS_CONTENT="Triumphthor." WC="0.99" CC="00050"/>
						<SP ID="P16_SP00178" HPOS="1758" VPOS="1785" WIDTH="39"/>
						<String ID="P16_ST00224" HPOS="1797" VPOS="1748" WIDTH="152" HEIGHT="36" CONTENT="Werden" WC="0.99" CC="606030"/>
						<SP ID="P16_SP00179" HPOS="1949" VPOS="1785" WIDTH="26"/>
						<String ID="P16_ST00225" HPOS="1975" VPOS="1751" WIDTH="73" HEIGHT="32" CONTENT="eine" WC="1.00" CC="1000"/>
						<SP ID="P16_SP00180" HPOS="2048" VPOS="1785" WIDTH="17"/>
						<String ID="P16_ST00226" HPOS="2065" VPOS="1747" WIDTH="115" HEIGHT="35" CONTENT="Weile" WC="0.99" CC="02050"/>
						<SP ID="P16_SP00181" HPOS="2180" VPOS="1785" WIDTH="25"/>
						<String ID="P16_ST00227" HPOS="2205" VPOS="1747" WIDTH="81" HEIGHT="34" CONTENT="licht" WC="1.00" CC="10000"/>
						<SP ID="P16_SP00182" HPOS="2286" VPOS="1785" WIDTH="26"/>
						<String ID="P16_ST00228" HPOS="2312" VPOS="1751" WIDTH="35" HEIGHT="30" CONTENT="in" WC="1.00" CC="00"/>
					</TextLine>
					<TextLine ID="P16_TL00047" HPOS="1670" VPOS="1793" WIDTH="677" HEIGHT="37">
						<String ID="P16_ST00229" HPOS="1670" VPOS="1800" WIDTH="109" HEIGHT="30" CONTENT="seiner" WC="0.99" CC="130023"/>
						<SP ID="P16_SP00183" HPOS="1779" VPOS="1830" WIDTH="22"/>
						<String ID="P16_ST00230" HPOS="1801" VPOS="1795" WIDTH="103" HEIGHT="34" CONTENT="Liebe" WC="0.99" CC="00072"/>
						<SP ID="P16_SP00184" HPOS="1904" VPOS="1830" WIDTH="20"/>
						<String ID="P16_ST00231" HPOS="1924" VPOS="1794" WIDTH="69" HEIGHT="35" CONTENT="und" WC="0.97" CC="700"/>
						<SP ID="P16_SP00185" HPOS="1993" VPOS="1830" WIDTH="17"/>
						<String ID="P16_ST00232" HPOS="2010" VPOS="1793" WIDTH="239" HEIGHT="36" CONTENT="verdämmern" WC="1.00" CC="0000000050"/>
						<SP ID="P16_SP00186" HPOS="2249" VPOS="1830" WIDTH="16"/>
						<String ID="P16_ST00233" HPOS="2265" VPOS="1797" WIDTH="62" HEIGHT="31" CONTENT="wie" SUBS_TYPE="HypPart1" SUBS_CONTENT="wieder" WC="1.00" CC="001"/>
						<HYP HPOS="2327" VPOS="1797" WIDTH="20" CONTENT="-"/>
					</TextLine>
					<TextLine ID="P16_TL00048" HPOS="1670" VPOS="1839" WIDTH="677" HEIGHT="44">
						<String ID="P16_ST00234" HPOS="1670" VPOS="1842" WIDTH="58" HEIGHT="35" CONTENT="der" SUBS_TYPE="HypPart2" SUBS_CONTENT="wieder" WC="1.00" CC="000"/>
						<SP ID="P16_SP00187" HPOS="1728" VPOS="1877" WIDTH="21"/>
						<String ID="P16_ST00235" HPOS="1749" VPOS="1842" WIDTH="172" HEIGHT="41" CONTENT="dahinter;" WC="0.99" CC="056000057"/>
						<SP ID="P16_SP00188" HPOS="1921" VPOS="1883" WIDTH="23"/>
						<String ID="P16_ST00236" HPOS="1944" VPOS="1841" WIDTH="79" HEIGHT="35" CONTENT="aber" WC="0.97" CC="0705"/>
						<SP ID="P16_SP00189" HPOS="2023" VPOS="1883" WIDTH="19"/>
						<String ID="P16_ST00237" HPOS="2042" VPOS="1845" WIDTH="49" HEIGHT="30" CONTENT="sie" WC="1.00" CC="000"/>
						<SP ID="P16_SP00190" HPOS="2091" VPOS="1883" WIDTH="19"/>
						<String ID="P16_ST00238" HPOS="2110" VPOS="1844" WIDTH="139" HEIGHT="30" CONTENT="müssen" WC="1.00" CC="002000"/>
						<SP ID="P16_SP00191" HPOS="2249" VPOS="1883" WIDTH="19"/>
						<String ID="P16_ST00239" HPOS="2268" VPOS="1839" WIDTH="79" HEIGHT="34" CONTENT="Alle" WC="0.97" CC="0760"/>
					</TextLine>
					<TextLine ID="P16_TL00049" HPOS="1670" VPOS="1885" WIDTH="677" HEIGHT="39">
						<String ID="P16_ST00240" HPOS="1670" VPOS="1889" WIDTH="106" HEIGHT="34" CONTENT="durch" WC="0.98" CC="00707"/>
						<SP ID="P16_SP00192" HPOS="1776" VPOS="1923" WIDTH="19"/>
						<String ID="P16_ST00241" HPOS="1795" VPOS="1890" WIDTH="92" HEIGHT="34" CONTENT="diese" WC="0.99" CC="00400"/>
						<SP ID="P16_SP00193" HPOS="1887" VPOS="1924" WIDTH="17"/>
						<String ID="P16_ST00242" HPOS="1904" VPOS="1888" WIDTH="103" HEIGHT="35" CONTENT="Liebe" WC="0.99" CC="00270"/>
						<SP ID="P16_SP00194" HPOS="2007" VPOS="1924" WIDTH="18"/>
						<String ID="P16_ST00243" HPOS="2025" VPOS="1886" WIDTH="117" HEIGHT="35" CONTENT="durch." WC="0.98" CC="065074"/>
						<SP ID="P16_SP00195" HPOS="2142" VPOS="1924" WIDTH="34"/>
						<String ID="P16_ST00244" HPOS="2176" VPOS="1885" WIDTH="82" HEIGHT="36" CONTENT="Und" WC="1.00" CC="000"/>
						<SP ID="P16_SP00196" HPOS="2258" VPOS="1924" WIDTH="16"/>
						<String ID="P16_ST00245" HPOS="2274" VPOS="1899" WIDTH="73" HEIGHT="22" CONTENT="was" WC="1.00" CC="001"/>
					</TextLine>
					<TextLine ID="P16_TL00050" HPOS="1672" VPOS="1933" WIDTH="675" HEIGHT="41">
						<String ID="P16_ST00246" HPOS="1672" VPOS="1936" WIDTH="123" HEIGHT="34" CONTENT="einmal" WC="0.99" CC="200006"/>
						<SP ID="P16_SP00197" HPOS="1795" VPOS="1970" WIDTH="29"/>
						<String ID="P16_ST00247" HPOS="1824" VPOS="1940" WIDTH="36" HEIGHT="29" CONTENT="in" WC="1.00" CC="00"/>
						<SP ID="P16_SP00198" HPOS="1860" VPOS="1970" WIDTH="28"/>
						<String ID="P16_ST00248" HPOS="1888" VPOS="1935" WIDTH="58" HEIGHT="35" CONTENT="der" WC="0.98" CC="005"/>
						<SP ID="P16_SP00199" HPOS="1946" VPOS="1970" WIDTH="30"/>
						<String ID="P16_ST00249" HPOS="1976" VPOS="1934" WIDTH="103" HEIGHT="34" CONTENT="Liebe" WC="0.98" CC="00670"/>
						<SP ID="P16_SP00200" HPOS="2079" VPOS="1970" WIDTH="29"/>
						<String ID="P16_ST00250" HPOS="2108" VPOS="1933" WIDTH="239" HEIGHT="41" CONTENT="aufleuchtete," WC="1.00" CC="5000000502014"/>
					</TextLine>
					<TextLine ID="P16_TL00051" HPOS="1671" VPOS="1979" WIDTH="676" HEIGHT="38">
						<String ID="P16_ST00251" HPOS="1671" VPOS="1982" WIDTH="59" HEIGHT="34" CONTENT="das" WC="1.00" CC="000"/>
						<SP ID="P16_SP00201" HPOS="1730" VPOS="2016" WIDTH="20"/>
						<String ID="P16_ST00252" HPOS="1750" VPOS="1982" WIDTH="105" HEIGHT="35" CONTENT="bleibt" WC="0.99" CC="700070"/>
						<SP ID="P16_SP00202" HPOS="1855" VPOS="2017" WIDTH="19"/>
						<String ID="P16_ST00253" HPOS="1874" VPOS="1982" WIDTH="97" HEIGHT="34" CONTENT="darin" WC="1.00" CC="00200"/>
						<SP ID="P16_SP00203" HPOS="1971" VPOS="2017" WIDTH="21"/>
						<String ID="P16_ST00254" HPOS="1992" VPOS="1984" WIDTH="46" HEIGHT="31" CONTENT="im" WC="1.00" CC="00"/>
						<SP ID="P16_SP00204" HPOS="2038" VPOS="2017" WIDTH="18"/>
						<String ID="P16_ST00255" HPOS="2056" VPOS="1979" WIDTH="97" HEIGHT="35" CONTENT="Bilde" WC="0.99" CC="00204"/>
						<SP ID="P16_SP00205" HPOS="2153" VPOS="2017" WIDTH="21"/>
						<String ID="P16_ST00256" HPOS="2174" VPOS="1979" WIDTH="69" HEIGHT="35" CONTENT="und" WC="1.00" CC="000"/>
						<SP ID="P16_SP00206" HPOS="2243" VPOS="2017" WIDTH="22"/>
						<String ID="P16_ST00257" HPOS="2265" VPOS="1980" WIDTH="82" HEIGHT="35" CONTENT="lässt" WC="0.99" CC="70000"/>
					</TextLine>
					<TextLine ID="P16_TL00052" HPOS="1671" VPOS="2027" WIDTH="676" HEIGHT="37">
						<String ID="P16_ST00258" HPOS="1671" VPOS="2028" WIDTH="72" HEIGHT="34" CONTENT="sich" WC="0.98" CC="0407"/>
						<SP ID="P16_SP00207" HPOS="1743" VPOS="2062" WIDTH="25"/>
						<String ID="P16_ST00259" HPOS="1768" VPOS="2033" WIDTH="55" HEIGHT="31" CONTENT="nie" WC="1.00" CC="000"/>
						<SP ID="P16_SP00208" HPOS="1823" VPOS="2064" WIDTH="21"/>
						<String ID="P16_ST00260" HPOS="1844" VPOS="2028" WIDTH="97" HEIGHT="35" CONTENT="mehr" WC="0.98" CC="0403"/>
						<SP ID="P16_SP00209" HPOS="1941" VPOS="2064" WIDTH="25"/>
						<String ID="P16_ST00261" HPOS="1966" VPOS="2028" WIDTH="177" HEIGHT="35" CONTENT="verlieren." WC="0.99" CC="0037004004"/>
						<SP ID="P16_SP00210" HPOS="2143" VPOS="2064" WIDTH="43"/>
						<String ID="P16_ST00262" HPOS="2186" VPOS="2028" WIDTH="80" HEIGHT="34" CONTENT="Und" WC="1.00" CC="000"/>
						<SP ID="P16_SP00211" HPOS="2266" VPOS="2064" WIDTH="22"/>
						<String ID="P16_ST00263" HPOS="2288" VPOS="2027" WIDTH="59" HEIGHT="34" CONTENT="das" WC="1.00" CC="000"/>
					</TextLine>
				</TextBlock>
				<ComposedBlock ID="P16_CB00001" HPOS="1688" VPOS="526" WIDTH="615" HEIGHT="594" STYLEREFS="TXT_3 PAR_LEFT" TYPE="Illustration">
					<GraphicalElement ID="P16_CB00001_SUB" HPOS="1688" VPOS="526" WIDTH="615" HEIGHT="594"/>
				</ComposedBlock>
			</PrintSpace>
		</Page>
	</Layout>
</alto>
