2949 3048
1847 2151 102 111 7

624 775 89 33 stellt,
719 774 143 30 während
873 774 47 28 die
927 774 151 29 zwischen
1088 773 159 29 denselben
1257 772 201 30 befindlichen
1469 772 179 38 Trennungs-

624 829 107 30 wände
753 829 71 29 über
845 827 48 30 die
915 838 95 26 ganze
1024 827 111 29 Fläche
1150 827 50 28 des
1215 827 135 28 Raumes
1365 826 208 29 verschiebbar
1590 827 76 28 sind*

702 884 59 29 Für
783 881 426 37 Raumkunstausstellungen
1234 880 66 29 sind
1322 881 131 29 Zimmer
1474 884 55 26 mit
1551 882 98 29 Seiten-

624 938 72 29 licht
711 937 197 38 vorgesehen*
931 936 183 29 Ausserdem
1129 935 118 30 enthält
1262 934 52 30 das
1326 935 88 29 Haus
1430 938 31 26 in
1471 935 50 30 der
1533 936 133 33 „Halle“

624 1004 88 18 einen
739 993 269 36 Empfangsraum,
1032 990 97 30 ferner
1160 990 47 29 die
1238 992 124 34 nötigen
1390 990 120 29 Räume
1535 990 48 30 für
1609 991 56 30 den

624 1047 262 30 administrativen
909 1045 118 30 Betrieb
1049 1045 60 29 und
1131 1045 276 35 Sitzungszimmer,
1429 1044 83 29 dann
1532 1048 41 25 im
1590 1046 57 29 Sou-

624 1105 110 27 terrain
750 1101 307 36 Dienerwohnungen
1079 1099 61 30 und
1160 1099 46 29 die
1220 1101 125 34 nötigen
1361 1098 115 34 Depots
1492 1099 61 29 und
1569 1100 77 29 Pack-

624 1160 118 30 räume,
772 1156 112 29 welche
913 1158 54 26 mit
993 1155 50 29 der
1068 1155 114 29 Strasse
1208 1152 115 30 sowohl
1355 1152 41 29 als
1422 1154 54 27 mit
1502 1153 57 29 den
1585 1154 60 29 Aus-

624 1211 227 36 stellungssälen
881 1210 94 29 durch
1005 1209 189 30 verstellbare
1222 1208 139 33 Rampen
1394 1205 175 31 verbunden
1600 1209 64 28 sind

624 1265 62 30 und
712 1264 119 30 endlich
857 1264 46 29 die
927 1264 48 29 für
997 1263 176 30 Redaktion
1199 1261 62 30 und
1283 1261 129 36 Leitung
1438 1259 92 31 dieses
1551 1262 113 30 Blattes

624 1322 124 34 nötigen
762 1319 126 30 Lokale*
914 1318 66 29 Aus
996 1319 79 29 allen
1087 1317 100 30 diesen
1199 1315 238 30 Erfordernissen
1449 1315 216 31 kristallisierte

623 1374 62 30 sich
706 1374 48 29 die
776 1374 199 28 Aussenform
997 1373 49 29 des
1062 1371 159 30 Gebäudes
1242 1371 119 31 heraus,
1382 1369 112 29 welche
1516 1370 148 31 ihrerseits

625 1429 47 29 die
693 1434 96 23 ernste
811 1428 183 29 würdevolle
1009 1428 207 34 Bestimmung
1238 1424 49 29 des
1303 1424 98 27 Baues
1421 1424 43 28 als
1479 1424 185 30 Kunstheim

624 1494 37 19 zu
682 1483 129 29 betonen
832 1481 128 31 bestrebt
980 1484 47 26 ist*
1068 1481 66 28 Ihre
1155 1482 30 26 in
1206 1479 95 28 Weiss
1323 1477 62 29 und
1401 1477 79 29 Gold
1504 1479 160 36 gehaltene

626 1537 197 30 Architektur
844 1537 121 29 rechnet
986 1539 30 25 in
1037 1535 95 29 ihrem
1154 1531 241 31 Gesamtaufbau
1420 1543 57 18 wie
1499 1535 41 26 im
1562 1534 101 28 Detail

624 1595 54 26 mit
700 1591 50 29 der
771 1603 54 17 vor
847 1591 67 29 dem
930 1589 145 30 Gebäude
1096 1591 41 26 im
1153 1586 163 30 Entstehen
1332 1585 187 37 begriffenen
1541 1598 122 25 grossen

624 1645 208 37 Platzanlage*
874 1646 63 28 Das
959 1639 363 39 Ausstellungsgebäude,
1344 1640 52 29 das
1417 1643 81 26 seine
1520 1642 126 29 General-

624 1700 90 35 probe
739 1699 47 29 bei
812 1699 57 29 den
896 1704 95 24 ersten
1013 1696 235 35 Ausstellungen
1275 1694 105 29 bereits
1410 1696 177 36 vorzüglich
1614 1696 32 30 be-

623 1754 126 30 standen
774 1754 64 33 hat,
864 1756 37 26 ist
926 1755 30 26 in
977 1750 138 30 Entwurf
1139 1748 61 30 und
1227 1748 241 38 Durchführung
1494 1752 47 27 ein
1568 1750 94 30 Werk

623 1808 50 30 des
698 1819 28 18 o*
748 1808 45 28 M*
815 1807 51 29 der
887 1808 217 34 Vereinigung,
1130 1803 200 30 Architekten
1352 1803 83 35 Josef
1456 1804 46 28 M*
1526 1805 136 30 Olbrich*

1509 1857 33 24 V*
1560 1858 26 23 S.
