2949 3048
1819 2161 72 73 5

754 1043 388 49 VORWORT
1186 1041 153 49 ZUM
1379 1041 56 49 11.
1460 1043 407 59 JAHRGANG.

1130 1419 115 42 VER
1279 1417 245 42 SACRUM

603 1513 65 29 hält
694 1524 49 17 am
769 1512 136 36 Beginne
930 1513 94 27 seines
1050 1511 126 27 zweiten
1194 1507 69 35 Jahr-

605 1571 124 26 ganges*

663 1606 103 29 Indem
799 1608 54 26 wir
882 1602 233 33 zurückblicken
1149 1600 52 29 auf
1236 1599 45 29 die

604 1653 105 29 Zeiten
724 1656 93 25 seiner
833 1651 170 36 Gründung
1024 1648 60 30 und
1100 1653 95 24 ersten
1210 1647 54 28 Ent-

604 1700 166 36 wicklung,
780 1699 124 28 können
918 1700 53 26 wir
986 1698 54 27 mit
1051 1693 230 37 Genugthuung

604 1747 175 32 feststellen,
801 1745 66 29 dass
889 1744 47 29 die
952 1744 107 35 Wege,
1081 1741 47 29 die
1149 1743 52 26 wir
1223 1742 45 26 ein-

605 1793 191 37 geschlagen,
826 1792 61 28 sich
913 1801 55 18 uns
997 1790 43 28 als
1066 1788 46 28 die
1137 1786 145 36 richtigen

605 1843 143 26 erwiesen
770 1838 97 29 haben
890 1836 61 30 und
973 1836 66 28 dass
1069 1837 67 30 wir,
1163 1833 120 37 geleitet

605 1897 61 17 von
698 1885 162 29 denselben
891 1881 240 31 künstlerischen
1165 1880 99 28 Grund-

605 1935 117 29 sätzen,
750 1931 47 29 die
826 1931 97 28 bisher
949 1927 196 38 massgebend
1173 1938 111 22 waren,

605 1977 79 29 auch
706 1980 40 25 im
768 1979 126 28 zweiten
914 1976 89 35 Jahre
1024 1985 87 18 unser
1133 1974 84 33 „Ver
1232 1974 34 28 Sa-

606 2025 102 28 cfum“
730 2023 169 28 fortführen
921 2022 121 29 wollen*

665 2070 93 29 Dank
780 2072 42 26 sei
844 2080 39 18 an
909 2069 93 29 dieser
1025 2068 90 29 Stelle
1137 2067 68 28 dem
1227 2066 56 29 bis-

1377 1507 125 36 hefigen
1527 1507 311 31 Redaktionskomite
1870 1515 106 31 gesagt
2008 1509 47 28 für

1377 1556 81 26 seine
1472 1554 171 29 ideentreue
1659 1555 172 34 Ausdauer,
1853 1558 54 26 mit
1928 1556 129 29 welcher

1378 1612 29 17 es
1429 1603 29 26 in
1481 1600 109 29 diesem
1612 1601 196 36 Werdejahre
1833 1605 94 26 seines
1950 1603 107 28 Amtes

1378 1647 142 36 gewaltet
1541 1648 64 29 hat*

1437 1694 61 29 Der
1525 1695 37 28 ll*
1580 1695 161 36 Jahrgang
1767 1695 86 29 sollte
1879 1698 41 26 im
1948 1694 95 30 Selbst-

1378 1742 123 36 verläge
1516 1741 50 29 der
1578 1742 209 36 Vereinigung
1803 1742 189 32 erscheinen;
2007 1752 52 17 um

1379 1787 45 29 die
1439 1788 92 28 Mitte
1546 1788 50 29 des
1606 1788 117 35 Januar
1739 1788 106 35 jedoch
1867 1787 102 29 wurde
1992 1787 67 29 dem

1379 1835 140 36 Anträge
1535 1835 49 29 der
1600 1835 178 29 rühmlichst
1790 1835 175 28 bekannten
1975 1835 68 33 Leip-

1380 1884 78 34 ziger
1474 1882 99 28 Firma
1589 1882 34 28 E*
1639 1882 41 28 A*
1696 1882 161 32 Seemann,
1872 1881 58 29 den
1946 1880 113 35 Verlag

1379 1938 39 19 zu
1441 1927 215 35 übernehmen,
1679 1929 95 36 Folge
1800 1928 143 36 geleistet*
1985 1926 74 28 Eine

1380 1974 229 36 Neuordnung,
1631 1974 114 29 welche
1766 1975 62 28 sich
1849 1985 64 17 nun
1935 1974 43 27 als
1993 1978 50 23 not-

1380 2020 121 36 wendig
1538 2023 118 31 erwies,
1692 2021 183 28 veranlasste
1907 2019 46 29 die
1985 2019 56 29 Ver-

1381 2070 153 33 zögerung
1556 2069 40 25 im
1617 2067 182 29 Erscheinen
1828 2066 51 29 des
1901 2067 22 26 I*
1943 2065 117 29 Heftes*

1919 2118 34 24 V*
1971 2118 27 24 S*
