2973 3048
1045 2158 73 70 18

886 549 80 26 seine
993 545 301 36 Lieblingsmahlzeit
1324 553 37 19 zu
1392 542 181 33 entdecken,

888 585 47 29 die
957 585 96 29 findet
1074 585 79 35 jeder
1174 583 91 29 selbst
1286 582 79 29 beim
1388 582 103 29 Essen*

947 625 66 28 Wir
1029 626 122 27 müssen
1166 625 42 26 sie
1223 632 70 20 zum
1308 624 127 27 zweiten
1448 633 62 18 von
1522 622 51 30 der

889 663 256 37 unglückseligen
1160 662 151 37 Meinung
1331 661 176 38 abbringen,
1530 663 44 28 als

888 704 93 29 richte
1003 702 62 29 sich
1087 701 48 29 die
1155 701 81 29 Güte
1258 701 51 29 des
1325 701 146 30 Gefühles
1494 702 80 29 nach

889 743 68 28 dem
983 742 79 33 Ziel,
1085 741 42 29 als
1149 744 41 26 sei
1212 752 28 18 es
1267 744 65 27 eine
1354 742 220 35 Ehrenpflicht,

889 782 64 28 sich
1013 791 94 27 sagen
1123 783 54 27 wir
1189 792 39 18 an
1238 782 153 28 Böckhlin
1405 793 38 19 zu
1458 782 116 32 freuen,

889 821 63 29 und
983 823 66 26 eine
1074 820 153 36 Schande,
1257 822 63 29 sich
1349 822 48 28 für
1427 821 148 29 Schirmer

889 871 38 19 zu
948 859 178 38 begeistern*
1168 861 203 37 Dergleichen
1393 860 74 28 wird
1494 860 80 28 noch

889 903 145 27 immerzu
1051 900 166 38 gepredigt*
1251 901 40 28 Es
1313 902 37 26 ist
1372 901 66 27 eine
1460 898 115 29 falsche

889 940 133 37 Predigt,
1046 940 63 30 und
1132 943 42 26 sie
1194 940 55 28 hat
1268 939 60 28 viel
1347 937 114 29 Unheil
1484 949 73 25 ange-

889 980 119 29 richtet*
1032 980 66 29 Auf
1113 979 46 29 die
1174 977 178 30 STARKE
1367 976 50 29 des
1430 976 146 30 Gefühles

888 1020 121 28 kommt
1024 1030 29 17 es
1074 1030 50 17 an*
1159 1017 65 29 Wir
1245 1016 143 29 schätzen
1408 1015 58 30 den
1485 1015 75 30 liebe-

889 1059 103 29 vollen
1007 1058 86 28 Esser
1114 1056 84 29 nicht
1220 1055 105 34 höher,
1349 1054 37 29 ob
1402 1066 29 17 er
1447 1056 112 28 Fleisch-

890 1100 115 32 speisen
1034 1096 71 29 oder
1132 1095 132 28 Gemüse
1292 1093 176 38 bevorzugt*
1510 1095 66 29 Wir

890 1139 120 30 wissen,
1032 1134 68 29 dass
1125 1133 51 29 der
1203 1133 209 35 Geschmack,
1439 1133 55 30 den
1522 1137 54 26 wir

891 1187 39 17 an
947 1174 139 29 essbaren
1103 1174 124 34 Dingen
1241 1172 111 34 haben,
1366 1173 83 29 nicht
1465 1174 110 29 einmal

891 1214 92 29 allein
1006 1224 62 17 von
1090 1211 50 30 der
1161 1212 139 28 Feinheit
1322 1211 50 30 der
1394 1213 107 36 Zunge
1524 1213 34 29 ab-

892 1253 113 35 hängt,
1027 1251 130 29 sondern
1182 1250 96 29 durch
1301 1254 122 33 gewisse
1444 1253 131 36 Magen-

892 1291 62 30 und
967 1289 265 37 Körperzustände
1247 1289 122 38 bedingt
1382 1293 46 27 ist*
1450 1292 59 29 Die
1521 1292 37 28 Be-

893 1330 204 29 schaffenheit
1112 1329 50 28 der
1178 1329 84 28 Seele
1277 1328 152 31 bestimmt
1444 1331 58 29 den
1518 1331 39 28 Ge-

892 1369 156 30 schmack*
1088 1368 69 29 Wie
1182 1370 55 26 wir
1266 1368 95 35 jedem
1389 1372 79 27 seine
1494 1370 83 29 Seele

892 1410 99 28 lassen
1020 1410 139 30 müssen,
1184 1407 111 29 wollen
1324 1410 52 27 wir
1406 1409 63 28 ihm
1499 1409 79 29 auch

894 1450 81 27 seine
990 1446 115 30 Freude
1121 1447 108 28 lassen*
1264 1447 72 28 Wer
1358 1447 47 29 die
1421 1448 157 30 MEISTE

894 1486 116 30 Freude
1025 1486 64 33 hat,
1111 1488 37 26 ist
1167 1485 50 29 der
1233 1485 216 30 Werthvollste
1463 1487 48 29 für
1533 1487 46 29 die

894 1527 114 28 Kunst*

1228 1563 14 14 *

954 1604 73 29 Hell
1048 1602 63 30 und
1132 1602 69 29 froh
1216 1602 102 30 würde
1333 1604 47 29 die
1394 1605 103 28 Kunst
1513 1608 50 25 wir-

894 1645 72 32 ken,
978 1654 90 18 wenn
1084 1641 69 34 alle,
1169 1641 48 29 die
1231 1652 39 19 zu
1284 1642 47 28 ihr
1344 1643 125 34 kämen,
1485 1643 96 29 ihrem

895 1686 128 34 eigenen
1038 1680 116 30 Gefühl
1168 1680 150 29 horchten
1334 1682 61 28 und
1411 1683 62 28 sich
1496 1682 85 29 darin

894 1724 130 28 freuten*
1060 1721 39 28 Es
1113 1722 81 27 wäre
1216 1719 118 30 endlich
1355 1724 94 25 reiner
1465 1722 116 28 Genuss

895 1761 63 31 und
980 1759 125 31 deshalb
1121 1759 182 36 Heiligung,
1322 1771 48 17 wo
1393 1762 69 32 jetzt
1483 1761 98 29 Mühe

894 1801 64 30 und
980 1800 109 29 Arbeit
1110 1801 47 26 ist*
1199 1798 70 29 Nur
1295 1809 31 17 so
1348 1798 125 29 können
1496 1800 85 28 Volk

895 1841 62 30 und
973 1840 104 30 Kunst
1098 1838 64 29 sich
1177 1837 115 33 finden,
1312 1837 67 29 dass
1394 1837 77 35 jeder
1485 1841 97 31 weiss,

896 1881 81 29 WIE
989 1879 97 30 SEIN
1098 1869 169 38 GEFÜHL
1278 1876 144 29 IMMER
1433 1877 148 29 RECHT

896 1919 108 32 HAT*

955 1960 70 30 Wie
1040 1957 64 37 jede
1116 1956 108 36 Zunge
1240 1955 46 28 ihr
1298 1954 283 38 Lieblingsgericht,

895 1999 75 31 wird
1012 1998 79 37 jedes
1128 1994 114 31 Gefühl
1277 1997 103 27 seinen
1415 1994 150 38 Lieblings-

896 2039 139 30 künstler
1063 2036 120 33 finden,
1209 2033 63 30 und
1294 2045 89 18 wenn
1405 2045 30 18 es
1456 2034 65 29 sich
1542 2046 40 17 an

897 2079 68 29 dem
975 2082 88 26 einen
1074 2087 69 20 zum
1154 2074 232 30 Enthusiasmus
1399 2074 183 33 entflammt,

1661 545 37 27 ist
1724 542 52 29 das
1803 545 48 26 ein
1877 540 110 30 idealer
2009 539 136 29 Zustand
2170 539 48 29 für
2241 537 88 30 Schaf-

1661 582 89 29 fende
1777 581 61 29 und
1861 578 213 30 Geniessende*
2116 580 61 28 Der
2199 578 148 29 Künstler

1663 621 105 38 glaubt
1790 623 42 26 im
1854 617 125 31 Grunde
2005 618 100 34 nicht,
2131 618 67 29 dass
2221 620 47 27 ein
2290 618 38 28 Be-

1662 660 157 30 wunderer
1841 658 53 28 ihn
1916 657 64 29 voll
2002 657 131 29 erfassen
2158 658 104 33 kann,
2290 659 57 27 wie

1663 700 56 30 soll
1735 710 29 18 er
1783 697 149 37 zugeben,
1955 696 66 29 dass
2037 699 48 26 ein
2101 697 229 28 Durchschnitts-

1663 738 123 30 mensch
1809 739 100 34 einige
1925 735 142 31 Dutzend
2089 738 94 27 seines
2199 736 148 29 Gleichen

1664 777 163 37 aufrichtig
1849 786 37 20 zu
1908 786 157 27 gemessen
2085 775 87 36 fähig
2194 778 46 26 ist*
2276 774 71 30 Und

1665 819 49 29 der
1736 815 200 31 Bewunderer
1959 814 110 29 horcht
2095 814 93 28 sicher
2210 814 85 29 tiefer
2316 817 31 25 in

1664 858 46 29 die
1733 857 97 33 Welt,
1855 866 89 18 wenn
1973 865 29 18 er
2031 856 98 26 einem
2151 853 113 29 Deuter
2286 865 61 17 von

1664 898 120 28 Herzen
1811 894 133 33 lauscht,
1977 898 71 24 statt
2073 892 64 29 sich
2162 904 62 16 von
2250 895 98 26 einem

1665 937 125 28 Haufen
1813 934 149 29 Stimmen
1990 934 161 27 verwirren
2177 942 37 19 zu
2239 931 109 29 lassen*

1724 976 57 27 Ein
1797 972 148 30 Künstler
1960 972 86 28 kann
2061 970 71 29 über
2154 970 63 29 sich
2239 970 109 29 hinaus

1665 1014 137 30 schaffen
1831 1011 61 29 und
1919 1011 48 28 die
1989 1013 155 26 weitesten
2167 1010 106 28 Kreise
2299 1009 33 29 be-

1664 1062 120 28 wegen:
1821 1049 179 30 GELIEBT
2031 1049 73 29 wird
2139 1060 29 18 er
2201 1060 57 17 nur
2286 1060 62 17 von

1665 1093 107 32 denen,
1795 1090 49 29 die
1865 1092 112 26 seinem
1993 1089 111 28 Wesen
2126 1088 124 28 ähnlich
2272 1088 77 28 sind*

1665 1131 71 30 Und
1752 1130 47 29 die
1815 1128 89 30 Liebe
1927 1139 37 19 zu
1986 1128 62 29 sich
2071 1139 52 17 um
2138 1130 94 26 seiner
2247 1127 102 29 Kunst

1665 1171 102 29 willen
1794 1172 37 25 ist
1857 1167 52 30 das
1935 1167 150 34 Höchste,
2114 1178 62 18 was
2206 1166 63 29 ihm
2299 1177 34 25 ge-

1665 1210 95 37 geben
1782 1206 120 31 werden
1923 1207 96 29 kann*

1724 1249 66 27 Aus
1822 1246 67 30 dem
1920 1246 231 30 Enthusiasmus
2182 1246 47 28 für
2261 1247 88 27 einen

1665 1287 147 30 Künstler
1838 1285 73 30 wird
1941 1286 63 29 sich
2030 1285 52 30 das
2104 1297 61 18 von
2191 1284 89 30 selbst
2307 1296 28 18 er-

1667 1326 111 38 geben,
1803 1337 63 18 was
1894 1328 53 26 wir
1973 1337 62 17 von
2061 1325 50 29 der
2138 1326 104 28 Kunst
2272 1334 78 27 ganz

1666 1365 160 31 besonders
1850 1376 71 25 gern
1943 1365 152 28 erhoffen:
2122 1364 52 29 das
2196 1363 154 29 Bildende*

1667 1406 72 29 Wer
1760 1405 63 29 sich
1844 1406 32 26 in
1899 1403 47 29 die
1962 1403 111 29 Tiefen
2093 1406 80 27 einer
2195 1403 156 30 einzelnen

1667 1444 226 30 Künstlerseele
1913 1442 196 34 hineinfreut,
2131 1442 121 29 kommt
2267 1442 84 29 tiefer

1668 1489 31 25 in
1735 1484 48 29 die
1815 1483 103 28 Kunst
1952 1481 61 29 und
2046 1481 47 29 die
2124 1481 93 29 Welt*
2263 1481 88 36 Jeder

1668 1523 148 30 Künstler
1841 1521 112 30 schafft
1979 1520 72 29 über
2073 1521 63 28 sich
2157 1521 111 28 hinaus
2290 1519 61 30 und

1668 1566 37 27 ist
1720 1566 50 26 ein
1786 1562 184 36 Wegweiser
1986 1559 72 29 über
2073 1560 64 28 sich
2152 1561 120 27 hinaus*
2291 1559 60 29 Wo

1670 1605 47 27 ein
1740 1601 115 30 Gefühl
1884 1602 31 26 in
1941 1602 99 26 einem
2067 1598 113 29 andern
2206 1598 146 29 Künstler

1670 1642 47 29 die
1743 1642 201 34 Fortsetzung
1971 1638 91 33 sieht,
2087 1638 124 29 verlässt
2237 1649 30 17 es
2295 1637 57 29 den

1670 1687 108 23 ersten*
1820 1680 39 30 So
1881 1680 189 33 verzweigen
2093 1677 63 29 sich
2178 1677 47 29 die
2245 1677 107 36 Wege,

1670 1732 32 17 so
1724 1720 73 29 wird
1820 1730 54 19 aus
1897 1718 50 29 der
1963 1718 217 35 Begeisterung
2195 1716 48 28 für
2265 1718 88 27 einen

1670 1760 146 29 Künstler
1852 1761 47 26 ein
1935 1756 218 36 wahrhaftiger
2187 1754 140 30 KUNST-

1670 1796 351 33 ENTHUSIASMUS*

1728 1839 40 28 So
1791 1838 72 36 lang
1886 1836 48 29 die
1949 1836 92 29 Kette
2064 1837 47 30 ist,
2134 1834 47 29 die
2203 1844 61 18 von
2286 1832 68 30 dem

1670 1877 111 30 letzten
1801 1887 71 21 zum
1888 1881 96 24 ersten
1999 1873 204 34 zurückläuft,
2225 1872 54 29 das
2295 1872 39 29 Ge-

1670 1916 66 29 fühl
1757 1916 73 30 wird
1852 1927 73 26 gern
1947 1917 30 27 in
1993 1913 154 37 Rührung
2163 1924 39 18 an
2224 1911 47 31 die
2293 1915 46 26 ein-

1669 1956 107 30 zelnen
1802 1956 135 33 denken,
1967 1953 48 30 die
2045 1953 63 29 ihm
2139 1952 112 30 einmal
2282 1952 73 29 alles

1671 1996 110 35 gaben*
1802 1996 69 29 Wie
1886 2006 40 18 an
1941 1993 48 30 die
2004 1993 143 30 Gerichte
2163 1992 51 30 der
2228 1992 127 33 Mutter,

1671 2033 47 30 die
1740 2046 32 17 so
1794 2034 133 29 herrlich
1948 2033 65 30 sind
2035 2036 32 26 in
2089 2032 50 30 der
2154 2033 201 34 Erinnerung*

1885 2080 202 29 WILHELM
2110 2070 206 38 SCHÄFER*
