2878 3048
1067 2155 79 62 16

912 545 84 29 nicht
1007 545 47 29 die
1065 545 175 37 Fähigkeit*
1254 544 104 35 (Auch
1369 543 53 30 das
1432 544 163 30 Geniessen

912 585 59 29 will
982 585 115 36 gelernt
1107 585 86 33 sein*)
1206 584 105 29 Durch
1322 586 66 27 eine
1399 589 71 32 gute
1480 584 116 30 Mutter

912 635 101 18 waren
1035 624 63 29 ihm
1121 624 85 29 mehr
1228 624 139 28 reinliche
1389 624 186 30 Gewohnhei-

912 669 48 24 ten
985 674 171 26 anerzogen
1178 662 134 35 worden,
1334 663 43 30 als
1397 663 67 30 dass
1484 675 30 18 er
1534 664 62 29 sich

912 703 134 30 dauernd
1064 706 31 26 in
1111 703 95 28 rohen
1222 703 157 30 Genüssen
1393 704 86 29 hätte
1491 704 91 29 befrie-

912 743 91 37 digen
1015 743 137 29 können*
1173 742 71 30 Und
1258 753 36 20 zu
1307 743 57 29 den
1375 744 135 28 feineren
1520 743 62 29 fehl-

913 788 50 23 ten
975 782 64 29 ihm
1051 781 46 30 bei
1110 782 72 29 aller
1194 782 171 30 Sehnsucht
1377 783 47 29 die
1437 782 161 30 Schlüssel*

970 822 39 28 Er
1031 822 161 30 verkehrte
1214 825 54 27 mit
1283 822 120 29 Malern
1425 821 62 29 und
1504 822 75 28 Dich-

911 866 74 25 tern*
1039 861 38 29 Er
1114 862 108 29 kaufte
1256 861 100 30 Bilder
1388 861 62 29 und
1480 861 118 29 Bücher

911 900 61 30 und
987 901 51 29 lud
1054 912 36 19 zu
1102 901 166 30 kostbaren
1280 901 118 29 Diners*
1420 900 39 28 Er
1470 900 127 29 horchte

911 941 53 29 auf
979 941 231 30 Kunsturtheile
1232 939 63 30 und
1317 939 106 35 sprach
1445 941 41 27 sie
1508 938 89 30 nach*

911 980 37 29 Er
978 984 75 34 ging
1079 981 112 34 fleissig
1217 979 48 28 die
1292 978 141 29 Galerien
1466 977 37 29 ab
1535 978 62 29 und

910 1020 105 29 suchte
1037 1020 46 28 die
1106 1019 188 32 Nummern,
1320 1029 63 17 von
1405 1017 97 29 denen
1525 1029 72 17 man

909 1060 65 27 ihm
1002 1058 121 37 geredet
1149 1057 96 29 hatte*
1293 1056 82 29 Aber
1404 1059 41 26 im
1473 1057 125 29 Grunde

910 1097 76 30 blieb
1008 1097 63 29 ihm
1087 1097 72 28 alles
1176 1098 66 26 eine
1258 1107 100 25 grosse
1373 1096 151 29 Wirrniss*
1559 1096 39 28 Er

910 1140 68 25 irrte
1000 1135 117 33 umher,
1139 1135 78 33 that,
1240 1137 57 26 wie
1318 1146 90 18 wenn
1431 1146 29 18 er
1482 1135 116 29 Freude

911 1176 96 31 hätte,
1029 1174 62 29 und
1115 1174 101 35 quälte
1238 1174 63 29 sich
1323 1186 67 17 nur*

970 1214 38 28 Er
1038 1213 58 37 gab
1118 1213 64 29 sich
1204 1212 116 35 blasirt,
1348 1214 79 29 ohne
1450 1225 147 25 genossen

911 1264 37 19 zu
970 1252 111 29 haben*

1740 544 71 30 Und
1835 543 109 38 gerade
1964 542 80 29 diese
2058 541 173 30 scheinbare
2247 541 106 29 Blasirt-

1681 585 65 28 heit
1761 595 62 18 war
1840 583 53 29 das
1906 581 155 36 Typische
2074 593 39 17 an
2127 581 65 29 ihm
2203 582 47 28 für
2263 591 105 19 unsere

1681 628 212 33 sogenannten
1909 621 348 30 Kunst-Enthusiasten*
2299 621 69 28 Den

1683 662 108 30 Grund
1806 661 50 29 der
1872 660 174 30 Blasirtheit
2062 660 112 30 suchen
2190 660 93 30 heisst
2297 659 57 30 viel-

1681 701 92 30 leicht
1795 700 137 37 Heilung
1954 699 116 30 finden*

1744 740 60 28 Der
1827 739 107 29 Grund
1960 740 74 36 liegt
2060 751 55 18 vor
2137 740 102 28 Allem
2266 741 31 26 in
2319 738 51 29 der

1683 779 231 37 Rathlosigkeit
1935 778 93 30 dieser
2051 778 300 30 Durchschnittsmen-

1683 819 92 29 schen
1801 830 54 17 vor
1882 818 50 29 der
1954 819 112 28 Kunst*
2109 819 49 28 Sie
2183 817 106 30 stehen
2316 828 54 18 vor

1684 858 51 29 der
1756 858 104 28 Kunst
1887 858 42 28 als
1951 869 55 17 vor
2031 857 59 30 den
2112 856 171 30 sichtbaren
2305 856 48 29 Zei-

1684 897 76 30 chen
1782 900 80 26 einer
1883 896 213 30 Leidenschaft
2118 897 109 29 höchst
2249 898 104 35 organi-

1684 940 82 26 sirter
1797 935 189 30 Individuen*
2041 936 116 29 Finden
2190 935 62 30 sich
2288 937 83 27 nicht

1684 975 98 38 gleich
1809 974 123 30 zurecht
1960 974 61 29 und
2045 986 160 25 vergessen
2230 977 31 26 in
2293 974 77 29 ihrer

1683 1013 232 37 Rathlosigkeit
1930 1013 47 30 die
1993 1013 188 30 natürlichen
2197 1014 113 33 Fäden,
2324 1013 46 29 die

1683 1053 141 30 dennoch
1845 1063 62 18 von
1929 1053 78 28 ihrer
2028 1053 84 29 Seele
2132 1056 31 26 in
2184 1053 47 29 die
2254 1053 97 29 Kunst-

1684 1093 102 30 werke
1807 1091 250 30 hinüberführen*
2104 1092 58 29 Die
2184 1095 65 26 eine
2272 1103 99 26 grosse

1684 1133 102 35 Angst
1799 1131 50 29 des
1858 1131 165 29 modernen
2029 1131 184 29 Menschen:
2225 1143 55 17 vor
2291 1134 80 26 einer

1684 1172 97 29 Sache
1794 1171 43 28 als
1849 1170 213 30 Unwissender
2074 1181 38 20 zu
2124 1170 116 34 stehen,
2255 1176 115 28 „etwas

1684 1211 84 29 nicht
1783 1220 37 19 zu
1836 1209 155 35 kennen”,
2011 1210 72 29 lässt
2098 1210 93 29 ihnen
2207 1210 82 29 nicht
2305 1210 65 29 Zeit

1684 1261 70 19 zum
1773 1252 127 34 eigenen
1918 1250 130 29 Suchen*
2083 1249 184 29 Ausserdem
2280 1250 90 28 wirkt

1881 1295 27 25 IS
