2973 3048
1065 2204 74 69 26

914 604 69 35 „die
1015 604 68 29 Idee
1113 604 51 29 des
1194 603 168 29 Weltalls“*
1404 603 89 30 Denn
1523 604 77 35 jedes

916 643 125 30 Streben
1070 654 71 19 zum
1167 644 144 27 Besseren
1340 654 81 18 muss
1450 655 56 18 uns
1532 644 67 30 dem

916 683 159 36 geheimen
1114 682 112 29 Willen
1265 681 50 30 des
1353 682 113 30 Lebens
1505 684 95 30 näher

914 722 138 36 bringen*
1102 721 71 28 Und
1209 732 88 26 sogar
1331 722 78 36 jedes
1444 723 154 30 Scheitern

916 772 119 17 unserer
1052 760 260 38 Anstrengungen
1333 762 62 29 und
1417 763 50 28 der
1482 763 97 29 Wider-

915 799 89 30 stand
1026 799 93 30 dieser
1139 811 121 26 grossen
1275 802 82 29 Welt
1372 802 74 29 wird
1461 814 57 17 nur
1534 805 67 27 eine

915 850 78 18 neue
1020 839 156 38 Nahrung
1201 844 63 26 sein
1289 841 50 30 der
1365 841 235 38 Bewunderung

915 879 47 29 für
989 878 46 30 die
1061 890 99 26 grosse
1182 880 106 35 Kraft,
1314 891 62 19 von
1403 880 51 29 der
1476 883 53 27 wir
1551 884 48 26 ein

915 917 92 31 Theil
1033 919 79 35 sind,
1143 923 48 26 ein
1217 931 93 18 neuer
1336 919 121 29 Stachel
1482 931 118 18 unseres

915 958 93 30 Eifers
1030 959 61 29 und
1113 970 120 18 unserer
1254 958 176 36 Hoffnung*

974 998 61 29 Der
1062 1001 54 26 mit
1143 998 103 28 diesen
1272 997 90 29 Ideen
1391 997 61 29 und
1474 998 127 29 Worten

916 1048 32 18 so
970 1037 98 35 tapfer
1090 1037 63 28 und
1180 1039 206 33 grossgesinnt
1406 1048 73 17 vom
1501 1037 99 30 Leben

914 1087 38 19 zu
984 1087 56 17 uns
1070 1075 128 35 spricht,
1227 1078 37 25 ist
1291 1075 72 28 kein
1392 1075 137 31 Anderer
1557 1078 43 28 als

913 1115 53 29 der
986 1114 125 29 Dichter
1133 1117 79 32 jenes
1234 1114 123 28 kleinen
1378 1114 222 32 dramatischen

915 1154 100 28 Aktes
1030 1164 63 18 von
1109 1152 58 29 den
1182 1153 142 34 Blinden,
1346 1153 50 29 der
1412 1155 123 30 Dichter
1550 1156 50 29 der

916 1193 113 36 Angst,
1041 1191 50 29 der
1102 1191 218 37 Lebensangst,
1333 1192 50 30 der
1394 1192 204 40 Todesangst,

916 1231 50 29 der
998 1230 125 29 Dichter
1153 1230 50 29 der
1232 1231 175 34 „Prinzesse
1433 1234 166 34 Moleine”,

916 1270 50 29 der
977 1269 171 35 „Intruse”,
1159 1269 51 29 der
1221 1271 104 32 „Mort
1339 1271 260 39 deTintagilles”;

919 1320 29 18 es
980 1311 37 26 ist
1048 1308 200 29 MAURICE
1279 1310 320 33 MAETERLINCK

916 1351 30 25 in
974 1350 114 26 seinem
1112 1348 211 34 prachtvollen
1349 1350 85 29 Buch
1459 1352 64 33 „La
1546 1352 36 30 Sa-

916 1397 84 26 gesse
1022 1392 29 23 et
1073 1387 30 28 la
1119 1387 174 30 Destinee”*
1329 1389 38 29 Es
1389 1393 37 26 ist
1447 1393 80 27 eines
1549 1391 51 29 der

916 1426 136 33 Bücher,
1079 1425 47 29 die
1148 1426 117 29 wirken
1287 1430 58 26 wie
1371 1431 48 26 ein
1441 1430 157 29 Erlebniss*

916 1465 38 28 Es
976 1465 107 28 strahlt
1105 1476 62 17 von
1190 1468 116 27 innerer
1325 1467 182 31 Schönheit!
1542 1470 56 28 Ein

916 1515 116 25 grosses
1058 1503 101 30 Glück
1190 1504 55 30 hat
1275 1517 29 18 es
1333 1507 116 36 gereift*
1501 1509 98 30 Nicht

915 1554 63 18 was
994 1554 71 17 man
1081 1554 32 17 so
1130 1544 193 35 gewöhnlich
1334 1546 144 34 „Glück”
1493 1554 106 23 nennt*

916 1583 58 28 Ein
995 1587 123 28 ernstes,
1140 1593 124 25 grosses,
1284 1584 185 31 fruchtbares
1486 1587 112 34 Glück,

916 1621 53 30 das
995 1624 56 26 wie
1081 1623 48 26 ein
1156 1621 93 29 helles
1274 1622 94 30 Feuer
1397 1625 108 30 brennt
1537 1627 62 28 und

915 1663 120 34 reinigt*
1077 1661 57 27 Ein
1156 1661 102 29 Glück
1279 1665 58 26 wie
1364 1663 47 30 die
1433 1665 89 29 Liebe
1549 1665 50 29 des

916 1701 102 28 Dante
1052 1710 52 19 zur
1138 1700 146 29 Beatrice*
1333 1702 90 29 Denn
1453 1715 62 17 was
1544 1705 55 28 hat

915 1738 206 30 Maeterlinck
1146 1738 85 29 nicht
1253 1739 193 32 überwinden
1469 1746 130 31 müssen,

915 1779 56 29 ehe
1003 1790 30 17 er
1068 1777 63 29 dies
1163 1778 87 28 Buch
1284 1779 153 30 schreiben
1472 1782 126 29 konnte*

915 1818 108 30 Welch
1059 1820 49 26 ein
1142 1816 111 30 Schritt
1284 1829 72 17 vom
1387 1818 132 34 „Tresor
1550 1821 50 29 des

914 1856 173 31 Humbles”
1108 1867 38 20 zu
1168 1856 120 29 diesem*
1324 1857 38 29 Es
1384 1860 37 27 ist
1443 1858 52 29 das
1514 1859 85 30 Buch

914 1901 81 26 eines
1011 1895 215 34 Glücklichen,
1238 1895 50 30 der
1307 1906 52 20 zur
1371 1897 148 30 Weisheit
1535 1910 48 18 ver-

913 1938 110 29 führen
1049 1936 73 30 will*
1165 1935 91 29 Denn
1280 1946 56 18 nur
1364 1935 50 30 der
1436 1936 101 31 Weise
1563 1941 37 26 ist

914 1976 168 38 glücklich*
1119 1975 61 29 Der
1195 1975 102 29 Weise
1314 1977 36 26 ist
1365 1978 105 26 immer
1492 1977 90 36 glück-

914 2017 70 29 lich*
1035 2017 38 28 Er
1099 2014 188 31 verwandelt
1316 2014 73 29 alles
1418 2017 40 27 im
1487 2016 112 29 Glück*

914 2056 38 29 Er
980 2059 37 27 ist
1047 2055 50 30 der
1127 2055 78 28 Herr
1230 2053 50 30 des
1306 2053 180 30 Schicksals*
1536 2055 63 29 Das

914 2096 155 29 Schicksal
1095 2095 87 29 kann
1206 2094 55 28 ihn
1283 2093 84 29 nicht
1393 2093 205 31 überwinden*

914 2135 90 29 Denn
1035 2147 60 18 wer
1122 2137 37 26 ist
1190 2133 107 30 weise?
1344 2133 61 28 Der
1432 2145 32 17 so
1494 2134 104 34 denkt,

1691 616 57 18 wie
1771 603 203 30 Maeterlinck
2001 614 29 17 es
2051 605 40 26 im
2114 604 142 35 Eingang'
2279 614 95 18 seines

1691 645 118 28 Buches
1831 644 130 29 skizzirt*
1997 643 61 28 Der
2076 642 48 29 die
2138 643 87 29 harte
2239 643 135 29 Realität

1692 684 50 29 des
1761 682 116 30 Lebens
1899 682 130 29 erkannt
2051 681 61 29 und
2134 683 62 28 sich
2218 682 46 29 ihr
2285 682 71 29 kind-

1691 723 62 29 lich
1775 721 205 30 unterworfen
2001 721 64 28 hat*
2101 721 60 28 Der
2176 722 115 36 gelernt
2306 722 65 35 hat,

1692 762 47 29 die
1760 760 172 30 furchtbare
1949 760 109 29 Grösse
2073 760 50 29 der
2138 761 105 29 Natur
2257 772 37 19 zu
2310 773 48 18 ver-

1692 802 105 29 stehen
1819 799 61 31 und
1903 810 29 19 es
1954 799 64 30 sich
2040 799 213 38 abgerungen,
2279 803 40 27 sie
2341 803 32 27 in

1692 841 221 35 ehrfürchtiger
1939 838 233 37 Bewunderung
2200 849 38 20 zu
2266 840 108 29 lieben*

1692 881 61 29 Der
1779 880 57 29 den
1863 879 94 29 Muth
1986 879 68 33 hat,
2083 878 43 28 als
2151 878 129 30 Mensch
2311 880 63 29 sich

1692 931 62 18 von
1783 920 46 28 ihr
1859 917 209 31 abzusondern
2098 917 62 29 und
2186 918 44 28 als
2258 918 96 30 Natur-

1692 970 99 18 wesen
1817 958 62 29 sich
1905 957 45 28 ihr
1972 956 215 30 einzuordnen*
2228 958 72 29 Und
2322 959 35 28 da-

1692 998 47 29 bei
1767 998 58 28 den
1847 996 128 34 Willen,
2001 995 64 30 sich
2090 995 81 30 nach
2197 996 47 28 ihr
2269 1008 84 20 umzu-

1691 1037 111 33 bilden,
1825 1036 80 28 ohne
1925 1035 63 28 sich
2010 1034 141 37 gänzlich
2173 1035 202 37 aufzugeben*

1693 1076 74 29 Was
1788 1075 86 28 kann
1897 1073 53 29 das
1965 1074 100 29 Leben
2080 1074 111 29 diesem
2214 1075 159 29 anhaben?

1693 1116 74 28 Was
1792 1115 87 27 kann
1906 1113 52 29 das
1981 1114 157 29 Schicksal
2166 1125 40 18 an
2227 1114 63 28 ihm
2312 1125 46 19 zer-

1693 1153 118 31 stören?
1853 1153 39 28 Er
1916 1155 37 27 ist
1981 1153 226 37 unangreifbar*
2250 1153 74 30 Was
2345 1166 30 17 er

1693 1193 124 34 erfährt,
1828 1192 187 30 verwandelt
2031 1205 29 17 er
2074 1196 32 26 in
2120 1196 103 26 innere
2239 1193 137 31 Schätze*

1692 1234 39 28 Er
1751 1233 55 28 hat
1828 1233 44 28 oft
1894 1232 48 29 die
1961 1233 102 34 Kraft,
2084 1233 48 29 die
2147 1233 169 37 Ereignisse
2338 1243 37 20 zu

1692 1271 207 30 beherrschen*
1952 1272 60 29 Der
2046 1272 103 30 Zufall
2184 1272 94 38 beugt
2313 1273 62 29 sich

1694 1323 72 26 gern
1788 1321 112 19 seinem
1922 1311 123 29 Willen*
2087 1313 72 29 Wer
2180 1313 48 29 die
2250 1313 126 30 Gesetze

1694 1351 50 28 der
1770 1350 216 30 Wirklichkeit
2011 1351 112 34 kennt,
2153 1352 73 29 wird
2252 1352 125 29 Meister

1694 1390 72 29 über
1788 1392 51 26 sie*
1881 1390 82 28 Aber
1985 1390 83 29 nicht
2090 1402 32 17 so
2144 1394 38 26 ist
2203 1391 50 29 der
2275 1391 102 29 Weise

1693 1430 79 28 Herr
1793 1431 95 26 seines
1904 1428 180 30 Schicksals*
2119 1430 92 29 Auch
2227 1430 64 29 ihm
2310 1441 50 24 pas-

1693 1471 61 32 sirt,
1768 1478 63 19 was
1847 1467 131 30 anderen
1993 1468 185 30 Sterblichen
2193 1473 115 32 passirt*
2338 1470 39 28 Er

1693 1508 104 34 leidet,
1824 1510 56 26 wie
1907 1507 59 29 alle
1987 1507 167 30 Menschen
2181 1509 109 29 leiden*
2327 1509 49 35 Ja,

1692 1559 30 18 er
1750 1547 91 29 leidef
1870 1547 79 29 noch
1977 1547 95 28 mehr*
2118 1547 90 29 Denn
2238 1559 30 18 er
2297 1548 80 29 fühlt

1692 1587 62 29 sich
1775 1589 49 27 nie
1846 1586 44 29 als
1905 1586 172 33 Einzelner;
2100 1597 29 18 er
2150 1587 81 29 fühlt
2250 1588 61 28 sich
2333 1587 44 28 als

1691 1629 48 26 ein
1769 1625 174 37 lebendiges
1968 1625 95 29 Stück
2089 1625 194 30 Menschheit
2314 1626 62 29 und

1692 1677 28 18 er
1742 1665 91 29 leidet
1850 1667 30 27 in
1896 1664 62 30 sich
1974 1664 52 29 das
2042 1664 112 30 Leiden
2170 1665 50 29 der
2235 1665 122 29 Mensch-

1690 1706 73 28 heit*
1809 1705 89 28 Doch
1928 1704 84 28 nicht
2044 1703 53 29 das
2127 1704 113 28 Leiden
2271 1707 37 25 ist
2339 1714 37 20 zu

1691 1744 124 34 fliehen,
1825 1743 129 30 sondern
1967 1743 47 29 die
2026 1742 256 38 Entmuthigung*
2304 1743 72 29 Und

1692 1783 50 29 der
1768 1783 99 29 Weise
1899 1782 120 36 schöpft
2051 1792 54 19 aus
2137 1782 104 29 Allem
2272 1782 104 30 Muth*

1691 1823 38 28 Er
1750 1823 82 30 zieht
1853 1833 55 19 aus
1924 1822 105 29 Allem
2043 1821 102 29 Kraft*
2181 1821 74 30 Was
2271 1824 105 27 immer

1690 1862 64 28 ihm
1775 1862 188 33 widerfährt,
1984 1860 74 30 wird
2079 1860 48 29 für
2148 1860 54 30 ihn
2221 1861 81 29 Stoff
2323 1871 53 20 zur

1692 1901 209 30 Erkenntnisse
1946 1901 84 28 Alles
2055 1900 99 29 mehrt
2179 1903 31 26 in
2234 1901 64 28 ihm
2324 1901 52 29 das

1692 1940 115 30 Gefühl
1828 1941 48 29 für
1898 1940 47 29 die
1961 1940 109 29 Grösse
2085 1939 50 30 des
2150 1939 126 35 Lebens,
2297 1940 79 30 lehrt

1691 1979 51 29 ihn
1769 1980 48 28 die
1847 1979 232 37 Bewunderung
2105 1979 48 29 für
2183 1979 52 30 das
2263 1979 94 30 Ueber-

1691 2019 217 34 menschliche,
1934 2019 255 30 Unmenschliche
2215 2019 51 30 des
2292 2021 67 28 welt-

1692 2057 258 30 beherrschenden
1964 2059 144 36 Princips*
2144 2059 39 29 Er
2197 2061 95 32 weiss,
2308 2059 67 29 dass

1692 2107 29 17 es
1742 2097 84 29 nicht
1842 2098 227 37 Gerechtigkeit
2090 2101 47 31 ist,
2158 2098 85 29 nicht
2257 2101 119 26 äussere

1693 2135 228 36 Gerechtigkeit
1959 2141 31 25 in
2025 2149 137 17 unserem
2197 2138 86 28 Sinn*
2338 2136 38 28 Er
