2949 3048
1797 2127 84 101 15

1191 839 194 44 KUNST-

1050 915 517 46 ENTHUSIASMUS.

591 1266 127 108 Wer
749 1279 61 30 sich
838 1277 199 36 wochenlang
1066 1278 30 26 in
1130 1274 140 29 Galerien

708 1316 205 35 umhertreibt,
925 1316 76 30 sieht
1013 1315 83 29 mehr
1108 1314 43 29 als
1163 1311 108 39 gerade

707 1370 56 18 nur
778 1357 110 30 Bilder*
919 1355 71 31 Und
1005 1365 88 19 wenn
1108 1365 30 17 er
1152 1352 62 30 sich
1229 1354 41 25 im

593 1400 214 37 Allgemeinen
831 1396 71 30 über
927 1396 51 29 das
1002 1389 268 39 „kunstliebende”

593 1438 158 30 Publicum
773 1439 112 34 ärgert:
911 1436 64 29 hier
1000 1432 61 30 und
1084 1432 38 29 da
1143 1432 76 28 lernt
1241 1440 30 18 er

594 1478 78 30 auch
693 1480 66 26 eine
779 1476 102 29 kleine
903 1473 158 31 Wahrheit
1083 1482 60 18 von
1165 1470 72 28 ihm*

652 1517 50 30 Ich
718 1516 54 29 sah
792 1513 142 31 während
950 1513 49 29 des
1014 1512 110 28 letzten
1140 1509 131 28 Winters

594 1561 40 25 im
645 1555 215 36 Luxembourg
876 1556 87 27 einen
977 1554 112 33 jungen
1104 1546 167 31 Menschen

594 1595 160 31 mehrmals
779 1605 54 18 vor
854 1592 121 30 Bildern
996 1589 120 33 stehen,
1142 1586 46 29 die
1217 1587 54 27 mir

593 1635 57 30 lieb
676 1633 75 30 sind*
793 1633 55 29 Als
873 1632 48 29 ich
946 1630 53 29 ihn
1025 1631 78 27 eines
1128 1626 144 35 Morgens

594 1675 47 29 bei
656 1674 68 29 dem
743 1673 132 29 schönen
889 1670 108 29 Manet
1019 1666 71 30 fand
1113 1665 59 35 (ich
1187 1666 85 26 weiss

594 1714 97 33 nicht,
713 1715 55 26 wie
790 1722 30 19 er
839 1710 133 29 benannt
994 1710 49 25 ist:
1069 1705 46 29 die
1136 1702 137 37 liegende

594 1753 110 29 nackte
718 1752 79 29 Frau
813 1752 54 27 mit
882 1749 68 29 dem
964 1744 166 38 fragenden
1144 1741 110 30 Kinder-

596 1791 114 39 gesicht
740 1789 62 30 und
834 1788 67 30 dem
936 1783 202 36 merkwürdig
1169 1782 87 36 aufge-

595 1830 154 30 sträubten
756 1829 95 29 Kater
863 1838 50 19 am
923 1822 149 33 Fassende
1085 1821 49 30 des
1141 1821 132 36 Lagers),

596 1869 107 35 sprach
725 1868 47 30 ich
794 1868 53 28 ihn
869 1876 53 19 an:

655 1909 85 33 „Das
763 1906 103 37 gefällt
888 1902 134 31 Ihnen?”

654 1947 67 28 Wie
743 1957 29 18 er
793 1945 63 29 sich
876 1944 80 29 nach
977 1944 55 27 mir
1057 1940 121 33 umsah,
1203 1937 71 30 halb

596 1984 262 36 entschuldigend,
884 1982 71 29 halb
983 1981 155 36 verlegen,
1166 1983 109 24 wusste

596 2025 48 30 ich
667 2023 106 38 gleich,
795 2033 67 18 wen
883 2021 49 29 ich
953 2031 55 18 vor
1029 2022 56 26 mir
1105 2018 95 29 hatte*

655 2064 85 35 „Das
760 2064 37 27 ist
818 2061 82 30 wohl
921 2063 70 33 jetzt
1012 2059 46 29 die
1079 2055 196 39 Richtung?”

1417 1270 39 29 Er
1471 1270 110 29 wollte,
1588 1271 52 29 das
1656 1271 129 30 ironisch
1801 1281 103 26 sagen,
1920 1269 120 30 machte

1359 1309 70 30 aber
1444 1311 49 27 ein
1508 1321 31 17 so
1557 1310 245 38 unglückseliges
1814 1310 122 29 Gesicht
1951 1309 88 33 dazu,

1359 1348 66 30 dass
1452 1360 29 17 er
1506 1351 57 27 mir
1588 1350 58 29 leid
1672 1350 77 29 that*
1791 1349 51 29 Ich
1868 1349 67 29 liess
1960 1348 81 30 mich

1359 1390 53 27 mit
1427 1387 63 30 ihm
1505 1391 48 26 ein
1568 1389 61 29 und
1644 1389 73 29 fand
1732 1389 59 29 alle
1806 1387 235 38 Eigenschaften

1359 1426 50 30 des
1431 1427 361 34 „Kunst-Enthusiaten”
1815 1439 60 17 von

1359 1467 119 34 typisch
1505 1467 200 37 ausgebildet,
1727 1467 67 29 dass
1821 1467 48 29 ich
1892 1469 56 26 mir
1971 1466 72 29 über

1360 1505 51 29 das
1427 1506 111 29 Wesen
1560 1506 93 29 dieser
1674 1507 95 28 Leute
1790 1506 160 37 eigentlich
1973 1516 68 19 zum

1360 1545 158 29 erstenmal
1542 1545 69 29 klar
1632 1545 103 30 wurde
1763 1545 61 30 und
1853 1545 78 29 auch
1957 1555 64 18 man-

1360 1584 108 30 cherlei
1490 1594 52 20 zur
1564 1584 137 38 Heilung
1723 1584 119 30 dachte*

1419 1623 61 29 Der
1501 1626 92 34 junge
1607 1624 100 29 Mann
1729 1629 114 24 nannte
1865 1623 62 29 sich
1941 1622 85 29 Fabri-

1360 1663 220 29 kantenssohn*
1603 1663 71 30 Sein
1693 1664 178 28 Grossvater
1886 1673 63 18 war
1963 1661 80 30 noch

1361 1702 210 30 Handwerker
1587 1714 149 26 gewesen*
1771 1703 61 28 Der
1847 1702 96 29 Vater
1958 1701 85 29 hatte

1362 1741 52 30 das
1436 1742 146 29 Geschäft
1609 1752 52 19 zur
1683 1741 112 30 Fabrik
1819 1740 140 37 gemacht
1981 1739 61 29 und

1362 1781 79 29 nach
1469 1781 78 35 jeder
1574 1781 158 37 Richtung
1762 1780 199 36 mustergiltig
1995 1778 47 29 für

1362 1820 142 29 moderne
1514 1821 208 29 Verhältnisse
1737 1819 205 37 eingerichtet*
1965 1817 78 29 Dem

1363 1859 101 30 Sohne
1491 1871 63 18 war
1575 1859 98 30 nichts
1695 1859 84 29 mehr
1800 1868 37 19 zu
1858 1857 78 30 thun
1958 1855 84 37 übrig

1364 1898 168 37 geblieben,
1559 1899 43 29 als
1627 1898 48 30 die
1696 1898 134 29 sicheren
1852 1895 191 30 Einnahmen

1363 1938 176 36 vernünftig
1551 1948 38 20 zu
1601 1938 173 30 verzehren*
1796 1935 82 30 Aber
1890 1934 38 29 da
1941 1945 61 18 war
2015 1945 29 18 er

1364 1980 30 26 in
1417 1976 52 30 das
1485 1977 210 36 gewöhnliche
1711 1975 155 30 Schicksal
1886 1974 72 29 aller
1973 1973 47 29 Em-

1363 2016 243 36 porkömmlinge
1617 2015 60 29 und
1687 2015 78 29 ihrer
1776 2014 96 29 Erben
1885 2012 159 37 gerathen:

1364 2067 29 17 er
1414 2055 86 29 hatte
1521 2054 48 29 die
1584 2053 144 36 „Mittel”
1743 2064 70 19 zum
1828 2053 127 33 Genuss,
1976 2051 70 30 aber
